%% This BibTeX bibliography file was created using BibDesk.
%% https://bibdesk.sourceforge.io/

%% Created for Alexander Terenin at 2021-09-13 04:26:54 +0100 


%% Saved with string encoding Unicode (UTF-8) 



@inproceedings{burt19,
	author = {Burt, David R and Rasmussen, Carl E and Van Der Wilk, Mark},
	booktitle = {International Conference on Machine Learning},
	date-added = {2021-09-13 04:26:06 +0100},
	date-modified = {2021-09-13 04:26:42 +0100},
	title = {Rates of Convergence for Sparse Variational Gaussian Process Regression},
	year = {2019},
	Bdsk-File-1 = {YnBsaXN0MDDSAQIDBFxyZWxhdGl2ZVBhdGhZYWxpYXNEYXRhXxAfLi4vLi4vRHJvcGJveC9QYXBlcnMvYnVydDE5LnBkZk8RAUIAAAAAAUIAAgAADE1hY2ludG9zaCBIRAAAAAAAAAAAAAAAAAAAAAAAAABCRAAB/////wpidXJ0MTkucGRmAAAAAAAAAAAAAAAAAAAAAAAAAAAAAAAAAAAAAAAAAAAAAAAAAAAAAAAAAAAAAAAAAAAAAAD/////AAAAAAAAAAAAAAAAAAIAAwAACiBjdQAAAAAAAAAAAAAAAAAGUGFwZXJzAAIAKi86VXNlcnM6YXRlcmVuaW46RHJvcGJveDpQYXBlcnM6YnVydDE5LnBkZgAOABYACgBiAHUAcgB0ADEAOQAuAHAAZABmAA8AGgAMAE0AYQBjAGkAbgB0AG8AcwBoACAASABEABIAKFVzZXJzL2F0ZXJlbmluL0Ryb3Bib3gvUGFwZXJzL2J1cnQxOS5wZGYAEwABLwAAFQACAA///wAAAAgADQAaACQARgAAAAAAAAIBAAAAAAAAAAUAAAAAAAAAAAAAAAAAAAGM}}

@inproceedings{choromanski16,
	author = {Choromanski, Krzysztof and Sindhwani, Vikas},
	booktitle = {International Conference on Machine Learning},
	date-added = {2021-09-13 04:17:42 +0100},
	date-modified = {2021-09-13 04:17:42 +0100},
	pages = {2502--2510},
	title = {Recycling randomness with structure for sublinear time kernel expansions},
	year = {2016}}

@inproceedings{choromanski18,
	author = {Choromanski, Krzysztof and Rowland, Mark and Sarlós, Tamás and Sindhwani, Vikas and Turner, Richard and Weller, Adrian},
	booktitle = {International Conference on Artificial Intelligence and Statistics},
	date-added = {2021-09-13 04:14:52 +0100},
	date-modified = {2021-09-13 04:14:53 +0100},
	pages = {1--9},
	title = {The geometry of random features},
	year = {2018}}

@article{yu16,
	author = {Yu, Felix Xinnan X and Suresh, Ananda Theertha and Choromanski, Krzysztof M and Holtmann-Rice, Daniel N and Kumar, Sanjiv},
	date-added = {2021-09-13 04:14:08 +0100},
	date-modified = {2021-09-13 04:14:19 +0100},
	journal = {Advances in Neural Information Processing Systems},
	pages = {1975--1983},
	title = {Orthogonal random features},
	volume = {29},
	year = {2016}}

@inproceedings{li19,
	author = {Li, Zhu and Ton, Jean-Francois and Oglic, Dino and Sejdinovic, Dino},
	booktitle = {International Conference on Machine Learning},
	date-added = {2021-09-13 04:12:34 +0100},
	date-modified = {2021-09-13 04:12:34 +0100},
	pages = {3905--3914},
	title = {Towards a unified analysis of random Fourier features},
	year = {2019}}

@inproceedings{sriperumbudur15,
	author = {Sriperumbudur, Bharath K and Szabó, Zoltán},
	booktitle = {Advances in Neural Information Processing Systems},
	date-added = {2021-09-13 04:11:49 +0100},
	date-modified = {2021-09-13 04:12:18 +0100},
	title = {Optimal rates for random Fourier features},
	year = {2015}}

@article{liu21,
	author = {Liu, Fanghui and Huang, Xiaolin and Chen, Yudong and Suykens, Johan AK},
	date-added = {2021-09-13 04:11:05 +0100},
	date-modified = {2021-09-13 04:11:22 +0100},
	journal = {IEEE Transactions on Pattern Analysis and Machine Intelligence},
	title = {Random Features for Kernel Approximation: A Survey on Algorithms, Theory, and Beyond},
	year = {2020}}

@preprint{dong17,
	author = {Dong, Kun and Eriksson, David and Nickisch, Hannes and Bindel, David and Wilson, Andrew Gordon},
	date-added = {2021-09-13 03:28:29 +0100},
	date-modified = {2021-09-13 03:28:32 +0100},
	eprint = {1711.03481},
	eprinttype = {arXiv},
	title = {Scalable log determinants for Gaussian process kernel learning},
	year = {2017}}

@inproceedings{pleiss20,
	author = {Pleiss, Geoff and Jankowiak, Martin and Eriksson, David and Damle, Anil and Gardner, Jacob R},
	booktitle = {Advances in Neural Information Processing Systems},
	date-added = {2021-09-13 03:18:01 +0100},
	date-modified = {2021-09-13 03:18:23 +0100},
	title = {Fast matrix square roots with applications to Gaussian processes and Bayesian optimization},
	year = {2020}}

@inproceedings{gardner18,
	author = {Gardner, Jacob R and Pleiss, Geoff and Bindel, David and Weinberger, Kilian Q and Wilson, Andrew Gordon},
	booktitle = {Advances in Neural Information Processing Systems},
	date-added = {2021-09-13 03:16:23 +0100},
	date-modified = {2021-09-13 03:19:34 +0100},
	title = {GPyTorch: Blackbox Matrix-Matrix Gaussian Process Inference with GPU Acceleration},
	year = {2018}}

@inproceedings{pleiss18,
	author = {Pleiss, Geoff and Gardner, Jacob and Weinberger, Kilian and Wilson, Andrew Gordon},
	booktitle = {International Conference on Machine Learning},
	date-added = {2021-09-13 03:14:11 +0100},
	date-modified = {2021-09-13 03:14:11 +0100},
	pages = {4114--4123},
	title = {Constant-time predictive distributions for Gaussian processes},
	year = {2018}}

@inproceedings{meanti20,
	author = {Meanti, Giacomo and Carratino, Luigi and Rosasco, Lorenzo and Rudi, Alessandro},
	booktitle = {Advances in Neural Information Processing Systems},
	date-added = {2021-09-13 03:13:56 +0100},
	date-modified = {2021-09-13 03:39:28 +0100},
	title = {Kernel methods through the roof: handling billions of points efficiently},
	year = {2020}}

@article{spielman12,
	author = {Spielman, Daniel},
	date-added = {2021-09-13 02:51:25 +0100},
	date-modified = {2021-09-13 02:51:27 +0100},
	journal = {Combinatorial Scientific Computing},
	title = {Spectral Graph Theory},
	volume = {18},
	year = {2012},
	Bdsk-File-1 = {YnBsaXN0MDDSAQIDBFxyZWxhdGl2ZVBhdGhZYWxpYXNEYXRhXxAjLi4vLi4vRHJvcGJveC9QYXBlcnMvc3BpZWxtYW4xMi5wZGZPEQFSAAAAAAFSAAIAAAxNYWNpbnRvc2ggSEQAAAAAAAAAAAAAAAAAAAAAAAAAQkQAAf////8Oc3BpZWxtYW4xMi5wZGYAAAAAAAAAAAAAAAAAAAAAAAAAAAAAAAAAAAAAAAAAAAAAAAAAAAAAAAAAAAAAAAAA/////wAAAAAAAAAAAAAAAAACAAMAAAogY3UAAAAAAAAAAAAAAAAABlBhcGVycwACAC4vOlVzZXJzOmF0ZXJlbmluOkRyb3Bib3g6UGFwZXJzOnNwaWVsbWFuMTIucGRmAA4AHgAOAHMAcABpAGUAbABtAGEAbgAxADIALgBwAGQAZgAPABoADABNAGEAYwBpAG4AdABvAHMAaAAgAEgARAASACxVc2Vycy9hdGVyZW5pbi9Ecm9wYm94L1BhcGVycy9zcGllbG1hbjEyLnBkZgATAAEvAAAVAAIAD///AAAACAANABoAJABKAAAAAAAAAgEAAAAAAAAABQAAAAAAAAAAAAAAAAAAAaA=}}

@book{lee12,
	author = {Lee, John M},
	date-added = {2021-09-13 02:15:01 +0100},
	date-modified = {2021-09-13 02:15:04 +0100},
	publisher = {Springer},
	title = {Introduction to smooth manifolds},
	year = {2012},
	Bdsk-File-1 = {YnBsaXN0MDDSAQIDBFxyZWxhdGl2ZVBhdGhZYWxpYXNEYXRhXxAdLi4vLi4vRHJvcGJveC9Cb29rcy9sZWUxMi5wZGZPEQE8AAAAAAE8AAIAAAxNYWNpbnRvc2ggSEQAAAAAAAAAAAAAAAAAAAAAAAAAQkQAAf////8JbGVlMTIucGRmAAAAAAAAAAAAAAAAAAAAAAAAAAAAAAAAAAAAAAAAAAAAAAAAAAAAAAAAAAAAAAAAAAAAAAAA/////wAAAAAAAAAAAAAAAAACAAMAAAogY3UAAAAAAAAAAAAAAAAABUJvb2tzAAACACgvOlVzZXJzOmF0ZXJlbmluOkRyb3Bib3g6Qm9va3M6bGVlMTIucGRmAA4AFAAJAGwAZQBlADEAMgAuAHAAZABmAA8AGgAMAE0AYQBjAGkAbgB0AG8AcwBoACAASABEABIAJlVzZXJzL2F0ZXJlbmluL0Ryb3Bib3gvQm9va3MvbGVlMTIucGRmABMAAS8AABUAAgAP//8AAAAIAA0AGgAkAEQAAAAAAAACAQAAAAAAAAAFAAAAAAAAAAAAAAAAAAABhA==}}

@book{lee18,
	author = {Lee, John M},
	date-added = {2021-09-13 02:15:01 +0100},
	date-modified = {2021-09-13 02:15:05 +0100},
	publisher = {Springer},
	title = {Introduction to Riemannian Manifolds},
	year = {2018},
	Bdsk-File-1 = {YnBsaXN0MDDSAQIDBFxyZWxhdGl2ZVBhdGhZYWxpYXNEYXRhXxAdLi4vLi4vRHJvcGJveC9Cb29rcy9sZWUxOC5wZGZPEQE8AAAAAAE8AAIAAAxNYWNpbnRvc2ggSEQAAAAAAAAAAAAAAAAAAAAAAAAAQkQAAf////8JbGVlMTgucGRmAAAAAAAAAAAAAAAAAAAAAAAAAAAAAAAAAAAAAAAAAAAAAAAAAAAAAAAAAAAAAAAAAAAAAAAA/////wAAAAAAAAAAAAAAAAACAAMAAAogY3UAAAAAAAAAAAAAAAAABUJvb2tzAAACACgvOlVzZXJzOmF0ZXJlbmluOkRyb3Bib3g6Qm9va3M6bGVlMTgucGRmAA4AFAAJAGwAZQBlADEAOAAuAHAAZABmAA8AGgAMAE0AYQBjAGkAbgB0AG8AcwBoACAASABEABIAJlVzZXJzL2F0ZXJlbmluL0Ryb3Bib3gvQm9va3MvbGVlMTgucGRmABMAAS8AABUAAgAP//8AAAAIAA0AGgAkAEQAAAAAAAACAQAAAAAAAAAFAAAAAAAAAAAAAAAAAAABhA==}}

@unpublished{wilk20,
	author = {van der Wilk, Mark and Dutordoir, Vincent and John, ST and Artemev, Artem and Adam, Vincent and Hensman, James},
	date-added = {2021-09-13 02:10:14 +0100},
	date-modified = {2021-09-13 03:40:03 +0100},
	note = {arXiv:2003.01115},
	title = {A Framework for Interdomain and Multioutput Gaussian Processes},
	year = {2020},
	Bdsk-File-1 = {YnBsaXN0MDDSAQIDBFxyZWxhdGl2ZVBhdGhZYWxpYXNEYXRhXxAmLi4vLi4vRHJvcGJveC9QYXBlcnMvdmFuZGVyd2lsazIwYi5wZGZPEQFgAAAAAAFgAAIAAAxNYWNpbnRvc2ggSEQAAAAAAAAAAAAAAAAAAAAAAAAAQkQAAf////8RdmFuZGVyd2lsazIwYi5wZGYAAAAAAAAAAAAAAAAAAAAAAAAAAAAAAAAAAAAAAAAAAAAAAAAAAAAAAAAAAAAA/////wAAAAAAAAAAAAAAAAACAAMAAAogY3UAAAAAAAAAAAAAAAAABlBhcGVycwACADEvOlVzZXJzOmF0ZXJlbmluOkRyb3Bib3g6UGFwZXJzOnZhbmRlcndpbGsyMGIucGRmAAAOACQAEQB2AGEAbgBkAGUAcgB3AGkAbABrADIAMABiAC4AcABkAGYADwAaAAwATQBhAGMAaQBuAHQAbwBzAGgAIABIAEQAEgAvVXNlcnMvYXRlcmVuaW4vRHJvcGJveC9QYXBlcnMvdmFuZGVyd2lsazIwYi5wZGYAABMAAS8AABUAAgAP//8AAAAIAA0AGgAkAE0AAAAAAAACAQAAAAAAAAAFAAAAAAAAAAAAAAAAAAABsQ==}}

@article{epperson87,
	author = {Epperson, James F},
	date-added = {2021-09-13 01:54:42 +0100},
	date-modified = {2021-09-13 01:54:44 +0100},
	journal = {The American Mathematical Monthly},
	number = {4},
	pages = {329--341},
	title = {On the Runge example},
	volume = {94},
	year = {1987},
	Bdsk-File-1 = {YnBsaXN0MDDSAQIDBFxyZWxhdGl2ZVBhdGhZYWxpYXNEYXRhXxAjLi4vLi4vRHJvcGJveC9QYXBlcnMvZXBwZXJzb244Ny5wZGZPEQFSAAAAAAFSAAIAAAxNYWNpbnRvc2ggSEQAAAAAAAAAAAAAAAAAAAAAAAAAQkQAAf////8OZXBwZXJzb244Ny5wZGYAAAAAAAAAAAAAAAAAAAAAAAAAAAAAAAAAAAAAAAAAAAAAAAAAAAAAAAAAAAAAAAAA/////wAAAAAAAAAAAAAAAAACAAMAAAogY3UAAAAAAAAAAAAAAAAABlBhcGVycwACAC4vOlVzZXJzOmF0ZXJlbmluOkRyb3Bib3g6UGFwZXJzOmVwcGVyc29uODcucGRmAA4AHgAOAGUAcABwAGUAcgBzAG8AbgA4ADcALgBwAGQAZgAPABoADABNAGEAYwBpAG4AdABvAHMAaAAgAEgARAASACxVc2Vycy9hdGVyZW5pbi9Ecm9wYm94L1BhcGVycy9lcHBlcnNvbjg3LnBkZgATAAEvAAAVAAIAD///AAAACAANABoAJABKAAAAAAAAAgEAAAAAAAAABQAAAAAAAAAAAAAAAAAAAaA=}}

@book{dahlquist08,
	author = {Dahlquist, Germund and Björck, Åke},
	date-added = {2021-09-13 01:52:26 +0100},
	date-modified = {2021-09-13 01:52:28 +0100},
	publisher = {Society for Industrial and Applied Mathematics},
	title = {Numerical Methods in Scientific Computing},
	year = {2008},
	Bdsk-File-1 = {YnBsaXN0MDDSAQIDBFxyZWxhdGl2ZVBhdGhZYWxpYXNEYXRhXxAjLi4vLi4vRHJvcGJveC9Cb29rcy9kYWhscXVpc3QwOC5wZGZPEQFUAAAAAAFUAAIAAAxNYWNpbnRvc2ggSEQAAAAAAAAAAAAAAAAAAAAAAAAAQkQAAf////8PZGFobHF1aXN0MDgucGRmAAAAAAAAAAAAAAAAAAAAAAAAAAAAAAAAAAAAAAAAAAAAAAAAAAAAAAAAAAAAAAAA/////wAAAAAAAAAAAAAAAAACAAMAAAogY3UAAAAAAAAAAAAAAAAABUJvb2tzAAACAC4vOlVzZXJzOmF0ZXJlbmluOkRyb3Bib3g6Qm9va3M6ZGFobHF1aXN0MDgucGRmAA4AIAAPAGQAYQBoAGwAcQB1AGkAcwB0ADAAOAAuAHAAZABmAA8AGgAMAE0AYQBjAGkAbgB0AG8AcwBoACAASABEABIALFVzZXJzL2F0ZXJlbmluL0Ryb3Bib3gvQm9va3MvZGFobHF1aXN0MDgucGRmABMAAS8AABUAAgAP//8AAAAIAA0AGgAkAEoAAAAAAAACAQAAAAAAAAAFAAAAAAAAAAAAAAAAAAABog==}}

@article{shahriari15,
	author = {Shahriari, Bobak and Swersky, Kevin and Wang, Ziyu and Adams, Ryan P and De Freitas, Nando},
	date-added = {2021-09-13 01:34:02 +0100},
	date-modified = {2021-09-13 01:34:04 +0100},
	journal = {Proceedings of the IEEE},
	number = {1},
	pages = {148--175},
	title = {Taking the human out of the loop: a review of Bayesian optimization},
	volume = {104},
	year = {2015}}

@inproceedings{mutny18,
	author = {Mutny, Mojmir and Krause, Andreas},
	booktitle = {Advances in Neural Information Processing Systems},
	date-added = {2021-09-13 01:33:45 +0100},
	date-modified = {2021-09-13 01:33:46 +0100},
	pages = {9005--9016},
	title = {Efficient high dimensional Bayesian optimization with additivity and quadrature Fourier features},
	year = {2018}}

@inproceedings{wang18,
	author = {Wang, Zi and Gehring, Clement and Kohli, Pushmeet and Jegelka, Stefanie},
	booktitle = {Artificial Intelligence and Statistics},
	date-added = {2021-09-13 01:33:17 +0100},
	date-modified = {2021-09-13 01:33:19 +0100},
	pages = {745--754},
	title = {Batched large-scale Bayesian optimization in high-dimensional spaces},
	year = {2018}}

@inproceedings{rasmussen05,
	author = {Rasmussen, Carl Edward and Quinonero-Candela, Joaquin},
	booktitle = {International Conference on Machine Learning},
	date-added = {2021-09-13 01:33:03 +0100},
	date-modified = {2021-09-13 01:33:04 +0100},
	pages = {689--696},
	title = {Healing the relevance vector machine through augmentation},
	year = {2005}}

@article{hoffman91,
	author = {Hoffman, Yehuda and Ribak, Erez},
	date-added = {2021-09-13 01:30:29 +0100},
	date-modified = {2021-09-13 01:30:31 +0100},
	journal = {The Astrophysical Journal},
	pages = {L5--L8},
	title = {Constrained realizations of Gaussian fields: a simple algorithm},
	volume = {380},
	year = {1991}}

@article{oliver96,
	author = {Oliver, Dean S},
	date-added = {2021-09-13 01:30:11 +0100},
	date-modified = {2021-09-13 01:30:13 +0100},
	journal = {Mathematical Geology},
	number = {6},
	pages = {811--817},
	title = {On conditional simulation to inaccurate data},
	volume = {28},
	year = {1996}}

@article{emery07,
	author = {Emery, Xavier},
	date-added = {2021-09-13 01:28:59 +0100},
	date-modified = {2021-09-13 01:29:01 +0100},
	journal = {Mathematical Geology},
	number = {6},
	pages = {607--623},
	title = {Conditioning simulations of Gaussian random fields by ordinary Kriging},
	volume = {39},
	year = {2007}}

@incollection{defouquet94,
	author = {de Fouquet, Chantal},
	booktitle = {Geostatistical Simulations},
	date-added = {2021-09-13 01:28:47 +0100},
	date-modified = {2021-09-13 01:32:28 +0100},
	pages = {131--145},
	publisher = {Springer},
	title = {Reminders on the conditioning Kriging},
	year = {1994}}

@book{journel78,
	author = {Journel, Andre G and Huijbregts, Charles J},
	date-added = {2021-09-13 01:28:30 +0100},
	date-modified = {2021-09-13 01:28:31 +0100},
	publisher = {Academic Press London},
	title = {Mining geostatistics},
	year = {1978}}

@inproceedings{wilson18,
	author = {Wilson, James T and Hutter, Frank and Deisenroth, Marc Peter},
	booktitle = {Advances in Neural Information Processing Systems},
	date-added = {2021-09-13 01:10:28 +0100},
	date-modified = {2021-09-13 01:10:29 +0100},
	title = {Maximizing acquisition functions for Bayesian optimization},
	year = {2018},
	Bdsk-File-1 = {YnBsaXN0MDDSAQIDBFxyZWxhdGl2ZVBhdGhZYWxpYXNEYXRhXxAhLi4vLi4vRHJvcGJveC9QYXBlcnMvd2lsc29uMTgucGRmTxEBSgAAAAABSgACAAAMTWFjaW50b3NoIEhEAAAAAAAAAAAAAAAAAAAAAAAAAEJEAAH/////DHdpbHNvbjE4LnBkZgAAAAAAAAAAAAAAAAAAAAAAAAAAAAAAAAAAAAAAAAAAAAAAAAAAAAAAAAAAAAAAAAAAAP////8AAAAAAAAAAAAAAAAAAgADAAAKIGN1AAAAAAAAAAAAAAAAAAZQYXBlcnMAAgAsLzpVc2VyczphdGVyZW5pbjpEcm9wYm94OlBhcGVyczp3aWxzb24xOC5wZGYADgAaAAwAdwBpAGwAcwBvAG4AMQA4AC4AcABkAGYADwAaAAwATQBhAGMAaQBuAHQAbwBzAGgAIABIAEQAEgAqVXNlcnMvYXRlcmVuaW4vRHJvcGJveC9QYXBlcnMvd2lsc29uMTgucGRmABMAAS8AABUAAgAP//8AAAAIAA0AGgAkAEgAAAAAAAACAQAAAAAAAAAFAAAAAAAAAAAAAAAAAAABlg==}}

@article{kushner64,
	author = {Kushner, Harold J},
	date-added = {2021-09-13 00:47:36 +0100},
	date-modified = {2021-09-13 00:47:38 +0100},
	journal = {Journal of Basic Engineering},
	number = {1},
	pages = {97--106},
	title = {A new method of locating the maximum point of an arbitrary multipeak curve in the presence of noise},
	volume = {86},
	year = {1964},
	Bdsk-File-1 = {YnBsaXN0MDDSAQIDBFxyZWxhdGl2ZVBhdGhZYWxpYXNEYXRhXxAiLi4vLi4vRHJvcGJveC9QYXBlcnMva3VzaG5lcjY0LnBkZk8RAVAAAAAAAVAAAgAADE1hY2ludG9zaCBIRAAAAAAAAAAAAAAAAAAAAAAAAABCRAAB/////w1rdXNobmVyNjQucGRmAAAAAAAAAAAAAAAAAAAAAAAAAAAAAAAAAAAAAAAAAAAAAAAAAAAAAAAAAAAAAAAAAAD/////AAAAAAAAAAAAAAAAAAIAAwAACiBjdQAAAAAAAAAAAAAAAAAGUGFwZXJzAAIALS86VXNlcnM6YXRlcmVuaW46RHJvcGJveDpQYXBlcnM6a3VzaG5lcjY0LnBkZgAADgAcAA0AawB1AHMAaABuAGUAcgA2ADQALgBwAGQAZgAPABoADABNAGEAYwBpAG4AdABvAHMAaAAgAEgARAASACtVc2Vycy9hdGVyZW5pbi9Ecm9wYm94L1BhcGVycy9rdXNobmVyNjQucGRmAAATAAEvAAAVAAIAD///AAAACAANABoAJABJAAAAAAAAAgEAAAAAAAAABQAAAAAAAAAAAAAAAAAAAZ0=}}

@inproceedings{snoek12,
	author = {Snoek, Jasper and Larochelle, Hugo and Adams, Ryan P},
	booktitle = {Advances in Neural Information Processing Systems},
	date-added = {2021-09-13 00:42:43 +0100},
	date-modified = {2021-09-13 00:42:44 +0100},
	pages = {2951--2959},
	title = {Practical Bayesian optimization of machine learning algorithms},
	year = {2012},
	Bdsk-File-1 = {YnBsaXN0MDDSAQIDBFxyZWxhdGl2ZVBhdGhZYWxpYXNEYXRhXxAgLi4vLi4vRHJvcGJveC9QYXBlcnMvc25vZWsxMi5wZGZPEQFIAAAAAAFIAAIAAAxNYWNpbnRvc2ggSEQAAAAAAAAAAAAAAAAAAAAAAAAAQkQAAf////8Lc25vZWsxMi5wZGYAAAAAAAAAAAAAAAAAAAAAAAAAAAAAAAAAAAAAAAAAAAAAAAAAAAAAAAAAAAAAAAAAAAAA/////wAAAAAAAAAAAAAAAAACAAMAAAogY3UAAAAAAAAAAAAAAAAABlBhcGVycwACACsvOlVzZXJzOmF0ZXJlbmluOkRyb3Bib3g6UGFwZXJzOnNub2VrMTIucGRmAAAOABgACwBzAG4AbwBlAGsAMQAyAC4AcABkAGYADwAaAAwATQBhAGMAaQBuAHQAbwBzAGgAIABIAEQAEgApVXNlcnMvYXRlcmVuaW4vRHJvcGJveC9QYXBlcnMvc25vZWsxMi5wZGYAABMAAS8AABUAAgAP//8AAAAIAA0AGgAkAEcAAAAAAAACAQAAAAAAAAAFAAAAAAAAAAAAAAAAAAABkw==}}

@inproceedings{hensman13,
	author = {Hensman, James and Fusi, Nicolò and Lawrence, Neil D},
	booktitle = {Uncertainty in Artificial Intelligence},
	date-added = {2021-09-13 00:33:46 +0100},
	date-modified = {2021-09-13 00:33:47 +0100},
	pages = {282--290},
	title = {Gaussian processes for big data},
	year = {2013},
	Bdsk-File-1 = {YnBsaXN0MDDSAQIDBFxyZWxhdGl2ZVBhdGhZYWxpYXNEYXRhXxAiLi4vLi4vRHJvcGJveC9QYXBlcnMvaGVuc21hbjEzLnBkZk8RAVAAAAAAAVAAAgAADE1hY2ludG9zaCBIRAAAAAAAAAAAAAAAAAAAAAAAAABCRAAB/////w1oZW5zbWFuMTMucGRmAAAAAAAAAAAAAAAAAAAAAAAAAAAAAAAAAAAAAAAAAAAAAAAAAAAAAAAAAAAAAAAAAAD/////AAAAAAAAAAAAAAAAAAIAAwAACiBjdQAAAAAAAAAAAAAAAAAGUGFwZXJzAAIALS86VXNlcnM6YXRlcmVuaW46RHJvcGJveDpQYXBlcnM6aGVuc21hbjEzLnBkZgAADgAcAA0AaABlAG4AcwBtAGEAbgAxADMALgBwAGQAZgAPABoADABNAGEAYwBpAG4AdABvAHMAaAAgAEgARAASACtVc2Vycy9hdGVyZW5pbi9Ecm9wYm94L1BhcGVycy9oZW5zbWFuMTMucGRmAAATAAEvAAAVAAIAD///AAAACAANABoAJABJAAAAAAAAAgEAAAAAAAAABQAAAAAAAAAAAAAAAAAAAZ0=}}

@article{snelson06,
	author = {Snelson, Edward and Ghahramani, Zoubin},
	date-added = {2021-09-13 00:32:22 +0100},
	date-modified = {2021-09-13 00:32:48 +0100},
	journal = {Advances in Neural Information Processing Systems},
	pages = {1257},
	title = {Sparse Gaussian processes using pseudo-inputs},
	volume = {18},
	year = {2006},
	Bdsk-File-1 = {YnBsaXN0MDDSAQIDBFxyZWxhdGl2ZVBhdGhZYWxpYXNEYXRhXxAiLi4vLi4vRHJvcGJveC9QYXBlcnMvc25lbHNvbjA2LnBkZk8RAVAAAAAAAVAAAgAADE1hY2ludG9zaCBIRAAAAAAAAAAAAAAAAAAAAAAAAABCRAAB/////w1zbmVsc29uMDYucGRmAAAAAAAAAAAAAAAAAAAAAAAAAAAAAAAAAAAAAAAAAAAAAAAAAAAAAAAAAAAAAAAAAAD/////AAAAAAAAAAAAAAAAAAIAAwAACiBjdQAAAAAAAAAAAAAAAAAGUGFwZXJzAAIALS86VXNlcnM6YXRlcmVuaW46RHJvcGJveDpQYXBlcnM6c25lbHNvbjA2LnBkZgAADgAcAA0AcwBuAGUAbABzAG8AbgAwADYALgBwAGQAZgAPABoADABNAGEAYwBpAG4AdABvAHMAaAAgAEgARAASACtVc2Vycy9hdGVyZW5pbi9Ecm9wYm94L1BhcGVycy9zbmVsc29uMDYucGRmAAATAAEvAAAVAAIAD///AAAACAANABoAJABJAAAAAAAAAgEAAAAAAAAABQAAAAAAAAAAAAAAAAAAAZ0=}}

@book{krainski18,
	author = {Krainski, Elias and Gómez-Rubio, Virgilio and Bakka, Haakon and Lenzi, Amanda and Castro-Camilo, Daniela and Simpson, Daniel and Lindgren, Finn and Rue, Håvard},
	date-added = {2021-09-13 00:20:46 +0100},
	date-modified = {2021-09-13 00:20:46 +0100},
	publisher = {CRC Press},
	title = {Advanced spatial modeling with stochastic partial differential equations using R and INLA},
	year = {2018}}

@article{whittle54,
	author = {Whittle, Peter},
	date-added = {2021-09-13 00:20:03 +0100},
	date-modified = {2021-09-13 00:20:05 +0100},
	journal = {Biometrika},
	pages = {434--449},
	title = {On Stationary Processes in the Plane},
	year = {1954},
	Bdsk-File-1 = {YnBsaXN0MDDSAQIDBFxyZWxhdGl2ZVBhdGhZYWxpYXNEYXRhXxAiLi4vLi4vRHJvcGJveC9QYXBlcnMvd2hpdHRsZTU0LnBkZk8RAVAAAAAAAVAAAgAADE1hY2ludG9zaCBIRAAAAAAAAAAAAAAAAAAAAAAAAABCRAAB/////w13aGl0dGxlNTQucGRmAAAAAAAAAAAAAAAAAAAAAAAAAAAAAAAAAAAAAAAAAAAAAAAAAAAAAAAAAAAAAAAAAAD/////AAAAAAAAAAAAAAAAAAIAAwAACiBjdQAAAAAAAAAAAAAAAAAGUGFwZXJzAAIALS86VXNlcnM6YXRlcmVuaW46RHJvcGJveDpQYXBlcnM6d2hpdHRsZTU0LnBkZgAADgAcAA0AdwBoAGkAdAB0AGwAZQA1ADQALgBwAGQAZgAPABoADABNAGEAYwBpAG4AdABvAHMAaAAgAEgARAASACtVc2Vycy9hdGVyZW5pbi9Ecm9wYm94L1BhcGVycy93aGl0dGxlNTQucGRmAAATAAEvAAAVAAIAD///AAAACAANABoAJABJAAAAAAAAAgEAAAAAAAAABQAAAAAAAAAAAAAAAAAAAZ0=}}

@article{solin18,
	author = {Solin, Arno and Kok, Manon and Wahlström, Niklas and Schön, Thomas B and Särkkä, Simo},
	date-added = {2021-09-13 00:12:15 +0100},
	date-modified = {2021-09-13 00:12:43 +0100},
	journal = {IEEE Transactions on Robotics},
	number = {4},
	pages = {1112--1127},
	title = {Modeling and interpolation of the ambient magnetic field by Gaussian processes},
	volume = {34},
	year = {2018}}

@article{coveney20,
	author = {Coveney, Sam and Corrado, Cesare and Roney, Caroline H and O'Hare, Daniel and Williams, Steven E and O'Neill, Mark D and Niederer, Steven A and Clayton, Richard H and Oakley, Jeremy E and Wilkinson, Richard D},
	date-added = {2021-09-13 00:10:43 +0100},
	date-modified = {2021-09-13 00:10:45 +0100},
	journal = {Philosophical Transactions of the Royal Society A},
	number = {2173},
	pages = {20190345},
	title = {Gaussian process manifold interpolation for probabilistic atrial activation maps and uncertain conduction velocity},
	volume = {378},
	year = {2020},
	Bdsk-File-1 = {YnBsaXN0MDDSAQIDBFxyZWxhdGl2ZVBhdGhZYWxpYXNEYXRhXxAiLi4vLi4vRHJvcGJveC9QYXBlcnMvY292ZW5leTIwLnBkZk8RAVAAAAAAAVAAAgAADE1hY2ludG9zaCBIRAAAAAAAAAAAAAAAAAAAAAAAAABCRAAB/////w1jb3ZlbmV5MjAucGRmAAAAAAAAAAAAAAAAAAAAAAAAAAAAAAAAAAAAAAAAAAAAAAAAAAAAAAAAAAAAAAAAAAD/////AAAAAAAAAAAAAAAAAAIAAwAACiBjdQAAAAAAAAAAAAAAAAAGUGFwZXJzAAIALS86VXNlcnM6YXRlcmVuaW46RHJvcGJveDpQYXBlcnM6Y292ZW5leTIwLnBkZgAADgAcAA0AYwBvAHYAZQBuAGUAeQAyADAALgBwAGQAZgAPABoADABNAGEAYwBpAG4AdABvAHMAaAAgAEgARAASACtVc2Vycy9hdGVyZW5pbi9Ecm9wYm94L1BhcGVycy9jb3ZlbmV5MjAucGRmAAATAAEvAAAVAAIAD///AAAACAANABoAJABJAAAAAAAAAgEAAAAAAAAABQAAAAAAAAAAAAAAAAAAAZ0=}}

@article{solin20,
	author = {Arno Solin and Simo Särkkä},
	date-added = {2021-09-13 00:10:39 +0100},
	date-modified = {2021-09-13 00:10:40 +0100},
	journal = {Statistics and Computing},
	number = {2},
	pages = {419--446},
	title = {Hilbert Space Methods for Reduced-Rank Gaussian Process Regression},
	volume = {30},
	year = {2020},
	Bdsk-File-1 = {YnBsaXN0MDDSAQIDBFxyZWxhdGl2ZVBhdGhZYWxpYXNEYXRhXxAgLi4vLi4vRHJvcGJveC9QYXBlcnMvc29saW4yMC5wZGZPEQFIAAAAAAFIAAIAAAxNYWNpbnRvc2ggSEQAAAAAAAAAAAAAAAAAAAAAAAAAQkQAAf////8Lc29saW4yMC5wZGYAAAAAAAAAAAAAAAAAAAAAAAAAAAAAAAAAAAAAAAAAAAAAAAAAAAAAAAAAAAAAAAAAAAAA/////wAAAAAAAAAAAAAAAAACAAMAAAogY3UAAAAAAAAAAAAAAAAABlBhcGVycwACACsvOlVzZXJzOmF0ZXJlbmluOkRyb3Bib3g6UGFwZXJzOnNvbGluMjAucGRmAAAOABgACwBzAG8AbABpAG4AMgAwAC4AcABkAGYADwAaAAwATQBhAGMAaQBuAHQAbwBzAGgAIABIAEQAEgApVXNlcnMvYXRlcmVuaW4vRHJvcGJveC9QYXBlcnMvc29saW4yMC5wZGYAABMAAS8AABUAAgAP//8AAAAIAA0AGgAkAEcAAAAAAAACAQAAAAAAAAAFAAAAAAAAAAAAAAAAAAABkw==}}

@inproceedings{rahimi08,
	author = {Rahimi, Ali and Recht, Benjamin},
	booktitle = {Advances in Neural Information Processing Systems},
	date-added = {2021-09-12 23:27:36 +0100},
	date-modified = {2021-09-12 23:27:37 +0100},
	pages = {1177--1184},
	title = {Random features for large-scale kernel machines},
	year = {2008},
	Bdsk-File-1 = {YnBsaXN0MDDSAQIDBFxyZWxhdGl2ZVBhdGhZYWxpYXNEYXRhXxAhLi4vLi4vRHJvcGJveC9QYXBlcnMvcmFoaW1pMDgucGRmTxEBSgAAAAABSgACAAAMTWFjaW50b3NoIEhEAAAAAAAAAAAAAAAAAAAAAAAAAEJEAAH/////DHJhaGltaTA4LnBkZgAAAAAAAAAAAAAAAAAAAAAAAAAAAAAAAAAAAAAAAAAAAAAAAAAAAAAAAAAAAAAAAAAAAP////8AAAAAAAAAAAAAAAAAAgADAAAKIGN1AAAAAAAAAAAAAAAAAAZQYXBlcnMAAgAsLzpVc2VyczphdGVyZW5pbjpEcm9wYm94OlBhcGVyczpyYWhpbWkwOC5wZGYADgAaAAwAcgBhAGgAaQBtAGkAMAA4AC4AcABkAGYADwAaAAwATQBhAGMAaQBuAHQAbwBzAGgAIABIAEQAEgAqVXNlcnMvYXRlcmVuaW4vRHJvcGJveC9QYXBlcnMvcmFoaW1pMDgucGRmABMAAS8AABUAAgAP//8AAAAIAA0AGgAkAEgAAAAAAAACAQAAAAAAAAAFAAAAAAAAAAAAAAAAAAABlg==}}

@book{lang12,
	author = {Lang, Serge},
	date-added = {2021-09-12 21:57:23 +0100},
	date-modified = {2021-09-12 21:57:25 +0100},
	publisher = {Springer},
	title = {Real and Functional Analysis},
	year = {2012},
	Bdsk-File-1 = {YnBsaXN0MDDSAQIDBFxyZWxhdGl2ZVBhdGhZYWxpYXNEYXRhXxAeLi4vLi4vRHJvcGJveC9Cb29rcy9sYW5nMTIucGRmTxEBQgAAAAABQgACAAAMTWFjaW50b3NoIEhEAAAAAAAAAAAAAAAAAAAAAAAAAEJEAAH/////CmxhbmcxMi5wZGYAAAAAAAAAAAAAAAAAAAAAAAAAAAAAAAAAAAAAAAAAAAAAAAAAAAAAAAAAAAAAAAAAAAAAAP////8AAAAAAAAAAAAAAAAAAgADAAAKIGN1AAAAAAAAAAAAAAAAAAVCb29rcwAAAgApLzpVc2VyczphdGVyZW5pbjpEcm9wYm94OkJvb2tzOmxhbmcxMi5wZGYAAA4AFgAKAGwAYQBuAGcAMQAyAC4AcABkAGYADwAaAAwATQBhAGMAaQBuAHQAbwBzAGgAIABIAEQAEgAnVXNlcnMvYXRlcmVuaW4vRHJvcGJveC9Cb29rcy9sYW5nMTIucGRmAAATAAEvAAAVAAIAD///AAAACAANABoAJABFAAAAAAAAAgEAAAAAAAAABQAAAAAAAAAAAAAAAAAAAYs=}}

@book{lifshits12,
	author = {Lifshits, Mikhail},
	date-added = {2021-09-12 21:29:33 +0100},
	date-modified = {2021-09-12 21:29:35 +0100},
	publisher = {Springer},
	title = {Lectures on Gaussian processes},
	year = {2012},
	Bdsk-File-1 = {YnBsaXN0MDDSAQIDBFxyZWxhdGl2ZVBhdGhZYWxpYXNEYXRhXxAiLi4vLi4vRHJvcGJveC9Cb29rcy9saWZzaGl0czEyLnBkZk8RAVIAAAAAAVIAAgAADE1hY2ludG9zaCBIRAAAAAAAAAAAAAAAAAAAAAAAAABCRAAB/////w5saWZzaGl0czEyLnBkZgAAAAAAAAAAAAAAAAAAAAAAAAAAAAAAAAAAAAAAAAAAAAAAAAAAAAAAAAAAAAAAAAD/////AAAAAAAAAAAAAAAAAAIAAwAACiBjdQAAAAAAAAAAAAAAAAAFQm9va3MAAAIALS86VXNlcnM6YXRlcmVuaW46RHJvcGJveDpCb29rczpsaWZzaGl0czEyLnBkZgAADgAeAA4AbABpAGYAcwBoAGkAdABzADEAMgAuAHAAZABmAA8AGgAMAE0AYQBjAGkAbgB0AG8AcwBoACAASABEABIAK1VzZXJzL2F0ZXJlbmluL0Ryb3Bib3gvQm9va3MvbGlmc2hpdHMxMi5wZGYAABMAAS8AABUAAgAP//8AAAAIAA0AGgAkAEkAAAAAAAACAQAAAAAAAAAFAAAAAAAAAAAAAAAAAAABnw==}}

@article{russo18,
	author = {Russo, Daniel and Van Roy, Benjamin and Kazerouni, Abbas and Osband, Ian and Wen, Zheng},
	date-added = {2021-09-12 21:20:29 +0100},
	date-modified = {2021-09-12 21:20:44 +0100},
	journal = {Foundations and Trends in Machine Learning},
	number = {1},
	pages = {1--96},
	title = {A tutorial on Thompson sampling},
	volume = {11},
	year = {2018},
	Bdsk-File-1 = {YnBsaXN0MDDSAQIDBFxyZWxhdGl2ZVBhdGhZYWxpYXNEYXRhXxAgLi4vLi4vRHJvcGJveC9QYXBlcnMvcnVzc28xOC5wZGZPEQFIAAAAAAFIAAIAAAxNYWNpbnRvc2ggSEQAAAAAAAAAAAAAAAAAAAAAAAAAQkQAAf////8LcnVzc28xOC5wZGYAAAAAAAAAAAAAAAAAAAAAAAAAAAAAAAAAAAAAAAAAAAAAAAAAAAAAAAAAAAAAAAAAAAAA/////wAAAAAAAAAAAAAAAAACAAMAAAogY3UAAAAAAAAAAAAAAAAABlBhcGVycwACACsvOlVzZXJzOmF0ZXJlbmluOkRyb3Bib3g6UGFwZXJzOnJ1c3NvMTgucGRmAAAOABgACwByAHUAcwBzAG8AMQA4AC4AcABkAGYADwAaAAwATQBhAGMAaQBuAHQAbwBzAGgAIABIAEQAEgApVXNlcnMvYXRlcmVuaW4vRHJvcGJveC9QYXBlcnMvcnVzc28xOC5wZGYAABMAAS8AABUAAgAP//8AAAAIAA0AGgAkAEcAAAAAAAACAQAAAAAAAAAFAAAAAAAAAAAAAAAAAAABkw==}}

@inproceedings{hernandezlobato14,
	author = {Hernández-Lobato, José Miguel and Hoffman, Matthew W and Ghahramani, Zoubin},
	booktitle = {Advances in Neural Information Processing Systems},
	date-added = {2021-09-12 21:16:43 +0100},
	date-modified = {2021-09-12 21:16:50 +0100},
	pages = {918--926},
	title = {Predictive entropy search for efficient global optimization of black-box functions},
	year = {2014},
	Bdsk-File-1 = {YnBsaXN0MDDSAQIDBFxyZWxhdGl2ZVBhdGhZYWxpYXNEYXRhXxAqLi4vLi4vRHJvcGJveC9QYXBlcnMvaGVybmFuZGV6bG9iYXRvMTQucGRmTxEBcAAAAAABcAACAAAMTWFjaW50b3NoIEhEAAAAAAAAAAAAAAAAAAAAAAAAAEJEAAH/////FWhlcm5hbmRlemxvYmF0bzE0LnBkZgAAAAAAAAAAAAAAAAAAAAAAAAAAAAAAAAAAAAAAAAAAAAAAAAAAAAAAAP////8AAAAAAAAAAAAAAAAAAgADAAAKIGN1AAAAAAAAAAAAAAAAAAZQYXBlcnMAAgA1LzpVc2VyczphdGVyZW5pbjpEcm9wYm94OlBhcGVyczpoZXJuYW5kZXpsb2JhdG8xNC5wZGYAAA4ALAAVAGgAZQByAG4AYQBuAGQAZQB6AGwAbwBiAGEAdABvADEANAAuAHAAZABmAA8AGgAMAE0AYQBjAGkAbgB0AG8AcwBoACAASABEABIAM1VzZXJzL2F0ZXJlbmluL0Ryb3Bib3gvUGFwZXJzL2hlcm5hbmRlemxvYmF0bzE0LnBkZgAAEwABLwAAFQACAA///wAAAAgADQAaACQAUQAAAAAAAAIBAAAAAAAAAAUAAAAAAAAAAAAAAAAAAAHF}}

@article{jones98,
	author = {Jones, Donald R and Schonlau, Matthias and Welch, William J},
	date-added = {2021-09-12 21:16:25 +0100},
	date-modified = {2021-09-12 21:16:27 +0100},
	journal = {Journal of Global optimization},
	number = {4},
	pages = {455--492},
	title = {Efficient global optimization of expensive black-box functions},
	volume = {13},
	year = {1998},
	Bdsk-File-1 = {YnBsaXN0MDDSAQIDBFxyZWxhdGl2ZVBhdGhZYWxpYXNEYXRhXxAgLi4vLi4vRHJvcGJveC9QYXBlcnMvam9uZXM5OC5wZGZPEQFIAAAAAAFIAAIAAAxNYWNpbnRvc2ggSEQAAAAAAAAAAAAAAAAAAAAAAAAAQkQAAf////8Lam9uZXM5OC5wZGYAAAAAAAAAAAAAAAAAAAAAAAAAAAAAAAAAAAAAAAAAAAAAAAAAAAAAAAAAAAAAAAAAAAAA/////wAAAAAAAAAAAAAAAAACAAMAAAogY3UAAAAAAAAAAAAAAAAABlBhcGVycwACACsvOlVzZXJzOmF0ZXJlbmluOkRyb3Bib3g6UGFwZXJzOmpvbmVzOTgucGRmAAAOABgACwBqAG8AbgBlAHMAOQA4AC4AcABkAGYADwAaAAwATQBhAGMAaQBuAHQAbwBzAGgAIABIAEQAEgApVXNlcnMvYXRlcmVuaW4vRHJvcGJveC9QYXBlcnMvam9uZXM5OC5wZGYAABMAAS8AABUAAgAP//8AAAAIAA0AGgAkAEcAAAAAAAACAQAAAAAAAAAFAAAAAAAAAAAAAAAAAAABkw==}}

@article{russo14,
	author = {Russo, Daniel and Van Roy, Benjamin},
	date-added = {2021-09-12 21:15:12 +0100},
	date-modified = {2021-09-12 21:15:13 +0100},
	journal = {Advances in Neural Information Processing Systems},
	pages = {1583--1591},
	title = {Learning to optimize via information-directed sampling},
	volume = {27},
	year = {2014},
	Bdsk-File-1 = {YnBsaXN0MDDSAQIDBFxyZWxhdGl2ZVBhdGhZYWxpYXNEYXRhXxAgLi4vLi4vRHJvcGJveC9QYXBlcnMvcnVzc28xNC5wZGZPEQFIAAAAAAFIAAIAAAxNYWNpbnRvc2ggSEQAAAAAAAAAAAAAAAAAAAAAAAAAQkQAAf////8LcnVzc28xNC5wZGYAAAAAAAAAAAAAAAAAAAAAAAAAAAAAAAAAAAAAAAAAAAAAAAAAAAAAAAAAAAAAAAAAAAAA/////wAAAAAAAAAAAAAAAAACAAMAAAogY3UAAAAAAAAAAAAAAAAABlBhcGVycwACACsvOlVzZXJzOmF0ZXJlbmluOkRyb3Bib3g6UGFwZXJzOnJ1c3NvMTQucGRmAAAOABgACwByAHUAcwBzAG8AMQA0AC4AcABkAGYADwAaAAwATQBhAGMAaQBuAHQAbwBzAGgAIABIAEQAEgApVXNlcnMvYXRlcmVuaW4vRHJvcGJveC9QYXBlcnMvcnVzc28xNC5wZGYAABMAAS8AABUAAgAP//8AAAAIAA0AGgAkAEcAAAAAAAACAQAAAAAAAAAFAAAAAAAAAAAAAAAAAAABkw==}}

@inproceedings{mockus75,
	author = {Močkus, Jonas},
	booktitle = {Optimization Techniques International Federation for Information Processing Technical Conference},
	date-added = {2021-09-12 21:03:04 +0100},
	date-modified = {2021-09-12 21:08:32 +0100},
	pages = {400--404},
	title = {On Bayesian methods for seeking the extremum},
	year = {1975}}

@article{thompson33,
	author = {Thompson, William R},
	date-added = {2021-09-12 20:57:11 +0100},
	date-modified = {2021-09-12 20:57:12 +0100},
	journal = {Biometrika},
	number = {3},
	pages = {285--294},
	title = {On the likelihood that one unknown probability exceeds another in view of the evidence of two samples},
	volume = {25},
	year = {1933},
	Bdsk-File-1 = {YnBsaXN0MDDSAQIDBFxyZWxhdGl2ZVBhdGhZYWxpYXNEYXRhXxAjLi4vLi4vRHJvcGJveC9QYXBlcnMvdGhvbXBzb24zMy5wZGZPEQFSAAAAAAFSAAIAAAxNYWNpbnRvc2ggSEQAAAAAAAAAAAAAAAAAAAAAAAAAQkQAAf////8OdGhvbXBzb24zMy5wZGYAAAAAAAAAAAAAAAAAAAAAAAAAAAAAAAAAAAAAAAAAAAAAAAAAAAAAAAAAAAAAAAAA/////wAAAAAAAAAAAAAAAAACAAMAAAogY3UAAAAAAAAAAAAAAAAABlBhcGVycwACAC4vOlVzZXJzOmF0ZXJlbmluOkRyb3Bib3g6UGFwZXJzOnRob21wc29uMzMucGRmAA4AHgAOAHQAaABvAG0AcABzAG8AbgAzADMALgBwAGQAZgAPABoADABNAGEAYwBpAG4AdABvAHMAaAAgAEgARAASACxVc2Vycy9hdGVyZW5pbi9Ecm9wYm94L1BhcGVycy90aG9tcHNvbjMzLnBkZgATAAEvAAAVAAIAD///AAAACAANABoAJABKAAAAAAAAAgEAAAAAAAAABQAAAAAAAAAAAAAAAAAAAaA=}}

@article{agrawal95,
	author = {Agrawal, Rajeev},
	date-added = {2021-09-12 20:43:40 +0100},
	date-modified = {2021-09-12 20:43:41 +0100},
	journal = {Advances in Applied Probability},
	number = {4},
	pages = {1054--1078},
	title = {Sample mean based index policies by $O(\log n)$ regret for the multi-armed bandit problem},
	volume = {27},
	year = {1995},
	Bdsk-File-1 = {YnBsaXN0MDDSAQIDBFxyZWxhdGl2ZVBhdGhZYWxpYXNEYXRhXxAiLi4vLi4vRHJvcGJveC9QYXBlcnMvYWdyYXdhbDk1LnBkZk8RAVAAAAAAAVAAAgAADE1hY2ludG9zaCBIRAAAAAAAAAAAAAAAAAAAAAAAAABCRAAB/////w1hZ3Jhd2FsOTUucGRmAAAAAAAAAAAAAAAAAAAAAAAAAAAAAAAAAAAAAAAAAAAAAAAAAAAAAAAAAAAAAAAAAAD/////AAAAAAAAAAAAAAAAAAIAAwAACiBjdQAAAAAAAAAAAAAAAAAGUGFwZXJzAAIALS86VXNlcnM6YXRlcmVuaW46RHJvcGJveDpQYXBlcnM6YWdyYXdhbDk1LnBkZgAADgAcAA0AYQBnAHIAYQB3AGEAbAA5ADUALgBwAGQAZgAPABoADABNAGEAYwBpAG4AdABvAHMAaAAgAEgARAASACtVc2Vycy9hdGVyZW5pbi9Ecm9wYm94L1BhcGVycy9hZ3Jhd2FsOTUucGRmAAATAAEvAAAVAAIAD///AAAACAANABoAJABJAAAAAAAAAgEAAAAAAAAABQAAAAAAAAAAAAAAAAAAAZ0=}}

@article{auer02,
	author = {Auer, Peter and Cesa-Bianchi, Nicolo and Fischer, Paul},
	date-added = {2021-09-12 20:31:44 +0100},
	date-modified = {2021-09-12 20:31:45 +0100},
	journal = {Machine Learning},
	number = {2},
	pages = {235--256},
	title = {Finite-time analysis of the multiarmed bandit problem},
	volume = {47},
	year = {2002},
	Bdsk-File-1 = {YnBsaXN0MDDSAQIDBFxyZWxhdGl2ZVBhdGhZYWxpYXNEYXRhXxAfLi4vLi4vRHJvcGJveC9QYXBlcnMvYXVlcjAyLnBkZk8RAUIAAAAAAUIAAgAADE1hY2ludG9zaCBIRAAAAAAAAAAAAAAAAAAAAAAAAABCRAAB/////wphdWVyMDIucGRmAAAAAAAAAAAAAAAAAAAAAAAAAAAAAAAAAAAAAAAAAAAAAAAAAAAAAAAAAAAAAAAAAAAAAAD/////AAAAAAAAAAAAAAAAAAIAAwAACiBjdQAAAAAAAAAAAAAAAAAGUGFwZXJzAAIAKi86VXNlcnM6YXRlcmVuaW46RHJvcGJveDpQYXBlcnM6YXVlcjAyLnBkZgAOABYACgBhAHUAZQByADAAMgAuAHAAZABmAA8AGgAMAE0AYQBjAGkAbgB0AG8AcwBoACAASABEABIAKFVzZXJzL2F0ZXJlbmluL0Ryb3Bib3gvUGFwZXJzL2F1ZXIwMi5wZGYAEwABLwAAFQACAA///wAAAAgADQAaACQARgAAAAAAAAIBAAAAAAAAAAUAAAAAAAAAAAAAAAAAAAGM}}

@article{lai85,
	author = {Lai, Tze Leung and Robbins, Herbert},
	date-added = {2021-09-12 20:30:56 +0100},
	date-modified = {2021-09-12 20:30:57 +0100},
	journal = {Advances in Applied Mathematics},
	number = {1},
	pages = {4--22},
	title = {Asymptotically efficient adaptive allocation rules},
	volume = {6},
	year = {1985},
	Bdsk-File-1 = {YnBsaXN0MDDSAQIDBFxyZWxhdGl2ZVBhdGhZYWxpYXNEYXRhXxAeLi4vLi4vRHJvcGJveC9QYXBlcnMvbGFpODUucGRmTxEBQAAAAAABQAACAAAMTWFjaW50b3NoIEhEAAAAAAAAAAAAAAAAAAAAAAAAAEJEAAH/////CWxhaTg1LnBkZgAAAAAAAAAAAAAAAAAAAAAAAAAAAAAAAAAAAAAAAAAAAAAAAAAAAAAAAAAAAAAAAAAAAAAAAP////8AAAAAAAAAAAAAAAAAAgADAAAKIGN1AAAAAAAAAAAAAAAAAAZQYXBlcnMAAgApLzpVc2VyczphdGVyZW5pbjpEcm9wYm94OlBhcGVyczpsYWk4NS5wZGYAAA4AFAAJAGwAYQBpADgANQAuAHAAZABmAA8AGgAMAE0AYQBjAGkAbgB0AG8AcwBoACAASABEABIAJ1VzZXJzL2F0ZXJlbmluL0Ryb3Bib3gvUGFwZXJzL2xhaTg1LnBkZgAAEwABLwAAFQACAA///wAAAAgADQAaACQARQAAAAAAAAIBAAAAAAAAAAUAAAAAAAAAAAAAAAAAAAGJ}}

@incollection{frazier18,
	author = {Frazier, Peter I},
	booktitle = {Recent Advances in Optimization and Modeling of Contemporary Problems},
	date-added = {2021-09-12 20:15:58 +0100},
	date-modified = {2021-09-12 20:15:59 +0100},
	pages = {255--278},
	publisher = {INFORMS},
	title = {Bayesian Optimization},
	year = {2018},
	Bdsk-File-1 = {YnBsaXN0MDDSAQIDBFxyZWxhdGl2ZVBhdGhZYWxpYXNEYXRhXxAiLi4vLi4vRHJvcGJveC9QYXBlcnMvZnJhemllcjE4LnBkZk8RAVAAAAAAAVAAAgAADE1hY2ludG9zaCBIRAAAAAAAAAAAAAAAAAAAAAAAAABCRAAB/////w1mcmF6aWVyMTgucGRmAAAAAAAAAAAAAAAAAAAAAAAAAAAAAAAAAAAAAAAAAAAAAAAAAAAAAAAAAAAAAAAAAAD/////AAAAAAAAAAAAAAAAAAIAAwAACiBjdQAAAAAAAAAAAAAAAAAGUGFwZXJzAAIALS86VXNlcnM6YXRlcmVuaW46RHJvcGJveDpQYXBlcnM6ZnJhemllcjE4LnBkZgAADgAcAA0AZgByAGEAegBpAGUAcgAxADgALgBwAGQAZgAPABoADABNAGEAYwBpAG4AdABvAHMAaAAgAEgARAASACtVc2Vycy9hdGVyZW5pbi9Ecm9wYm94L1BhcGVycy9mcmF6aWVyMTgucGRmAAATAAEvAAAVAAIAD///AAAACAANABoAJABJAAAAAAAAAgEAAAAAAAAABQAAAAAAAAAAAAAAAAAAAZ0=}}

@book{lattimore20,
	author = {Lattimore, Tor and Szepesvári, Csaba},
	date-added = {2021-09-12 19:56:24 +0100},
	date-modified = {2021-09-12 19:56:25 +0100},
	publisher = {Cambridge University Press},
	title = {Bandit algorithms},
	year = {2020},
	Bdsk-File-1 = {YnBsaXN0MDDSAQIDBFxyZWxhdGl2ZVBhdGhZYWxpYXNEYXRhXxAjLi4vLi4vRHJvcGJveC9Cb29rcy9sYXR0aW1vcmUyMC5wZGZPEQFUAAAAAAFUAAIAAAxNYWNpbnRvc2ggSEQAAAAAAAAAAAAAAAAAAAAAAAAAQkQAAf////8PbGF0dGltb3JlMjAucGRmAAAAAAAAAAAAAAAAAAAAAAAAAAAAAAAAAAAAAAAAAAAAAAAAAAAAAAAAAAAAAAAA/////wAAAAAAAAAAAAAAAAACAAMAAAogY3UAAAAAAAAAAAAAAAAABUJvb2tzAAACAC4vOlVzZXJzOmF0ZXJlbmluOkRyb3Bib3g6Qm9va3M6bGF0dGltb3JlMjAucGRmAA4AIAAPAGwAYQB0AHQAaQBtAG8AcgBlADIAMAAuAHAAZABmAA8AGgAMAE0AYQBjAGkAbgB0AG8AcwBoACAASABEABIALFVzZXJzL2F0ZXJlbmluL0Ryb3Bib3gvQm9va3MvbGF0dGltb3JlMjAucGRmABMAAS8AABUAAgAP//8AAAAIAA0AGgAkAEoAAAAAAAACAQAAAAAAAAAFAAAAAAAAAAAAAAAAAAABog==}}

@book{bertsekas19,
	author = {Bertsekas, Dimitri P},
	date-added = {2021-09-12 19:46:41 +0100},
	date-modified = {2021-09-12 19:46:42 +0100},
	publisher = {Athena Scientific},
	title = {Reinforcement learning and optimal control},
	year = {2019},
	Bdsk-File-1 = {YnBsaXN0MDDSAQIDBFxyZWxhdGl2ZVBhdGhZYWxpYXNEYXRhXxAjLi4vLi4vRHJvcGJveC9Cb29rcy9iZXJ0c2VrYXMxOS5wZGZPEQFUAAAAAAFUAAIAAAxNYWNpbnRvc2ggSEQAAAAAAAAAAAAAAAAAAAAAAAAAQkQAAf////8PYmVydHNla2FzMTkucGRmAAAAAAAAAAAAAAAAAAAAAAAAAAAAAAAAAAAAAAAAAAAAAAAAAAAAAAAAAAAAAAAA/////wAAAAAAAAAAAAAAAAACAAMAAAogY3UAAAAAAAAAAAAAAAAABUJvb2tzAAACAC4vOlVzZXJzOmF0ZXJlbmluOkRyb3Bib3g6Qm9va3M6YmVydHNla2FzMTkucGRmAA4AIAAPAGIAZQByAHQAcwBlAGsAYQBzADEAOQAuAHAAZABmAA8AGgAMAE0AYQBjAGkAbgB0AG8AcwBoACAASABEABIALFVzZXJzL2F0ZXJlbmluL0Ryb3Bib3gvQm9va3MvYmVydHNla2FzMTkucGRmABMAAS8AABUAAgAP//8AAAAIAA0AGgAkAEoAAAAAAAACAQAAAAAAAAAFAAAAAAAAAAAAAAAAAAABog==}}

@book{sutton18,
	author = {Sutton, Richard S and Barto, Andrew G},
	date-added = {2021-09-12 19:46:29 +0100},
	date-modified = {2021-09-12 19:46:31 +0100},
	publisher = {MIT Press},
	title = {Reinforcement learning: An introduction},
	year = {2018},
	Bdsk-File-1 = {YnBsaXN0MDDSAQIDBFxyZWxhdGl2ZVBhdGhZYWxpYXNEYXRhXxAgLi4vLi4vRHJvcGJveC9Cb29rcy9zdXR0b24xOC5wZGZPEQFKAAAAAAFKAAIAAAxNYWNpbnRvc2ggSEQAAAAAAAAAAAAAAAAAAAAAAAAAQkQAAf////8Mc3V0dG9uMTgucGRmAAAAAAAAAAAAAAAAAAAAAAAAAAAAAAAAAAAAAAAAAAAAAAAAAAAAAAAAAAAAAAAAAAAA/////wAAAAAAAAAAAAAAAAACAAMAAAogY3UAAAAAAAAAAAAAAAAABUJvb2tzAAACACsvOlVzZXJzOmF0ZXJlbmluOkRyb3Bib3g6Qm9va3M6c3V0dG9uMTgucGRmAAAOABoADABzAHUAdAB0AG8AbgAxADgALgBwAGQAZgAPABoADABNAGEAYwBpAG4AdABvAHMAaAAgAEgARAASAClVc2Vycy9hdGVyZW5pbi9Ecm9wYm94L0Jvb2tzL3N1dHRvbjE4LnBkZgAAEwABLwAAFQACAA///wAAAAgADQAaACQARwAAAAAAAAIBAAAAAAAAAAUAAAAAAAAAAAAAAAAAAAGV}}

@book{rasmussen06,
	author = {Rasmussen, Carl Edward and Williams, Christopher KI},
	date-added = {2021-09-12 19:32:06 +0100},
	date-modified = {2021-09-12 19:32:07 +0100},
	publisher = {MIT Press},
	title = {Gaussian Processes for Machine Learning},
	year = {2006},
	Bdsk-File-1 = {YnBsaXN0MDDSAQIDBFxyZWxhdGl2ZVBhdGhZYWxpYXNEYXRhXxAjLi4vLi4vRHJvcGJveC9Cb29rcy9yYXNtdXNzZW4wNi5wZGZPEQFUAAAAAAFUAAIAAAxNYWNpbnRvc2ggSEQAAAAAAAAAAAAAAAAAAAAAAAAAQkQAAf////8PcmFzbXVzc2VuMDYucGRmAAAAAAAAAAAAAAAAAAAAAAAAAAAAAAAAAAAAAAAAAAAAAAAAAAAAAAAAAAAAAAAA/////wAAAAAAAAAAAAAAAAACAAMAAAogY3UAAAAAAAAAAAAAAAAABUJvb2tzAAACAC4vOlVzZXJzOmF0ZXJlbmluOkRyb3Bib3g6Qm9va3M6cmFzbXVzc2VuMDYucGRmAA4AIAAPAHIAYQBzAG0AdQBzAHMAZQBuADAANgAuAHAAZABmAA8AGgAMAE0AYQBjAGkAbgB0AG8AcwBoACAASABEABIALFVzZXJzL2F0ZXJlbmluL0Ryb3Bib3gvQm9va3MvcmFzbXVzc2VuMDYucGRmABMAAS8AABUAAgAP//8AAAAIAA0AGgAkAEoAAAAAAAACAQAAAAAAAAAFAAAAAAAAAAAAAAAAAAABog==}}

@book{gelman14,
	author = {Gelman, Andrew and Carlin, John B and Stern, Hal S and Dunson, David B and Vehtari, Aki and Rubin, Donald B},
	date-added = {2021-09-12 19:31:58 +0100},
	date-modified = {2021-09-12 19:32:00 +0100},
	edition = {3},
	publisher = {CRC Press},
	title = {Bayesian Data Analysis},
	year = {2014},
	Bdsk-File-1 = {YnBsaXN0MDDSAQIDBFxyZWxhdGl2ZVBhdGhZYWxpYXNEYXRhXxAgLi4vLi4vRHJvcGJveC9Cb29rcy9nZWxtYW4xNC5wZGZPEQFKAAAAAAFKAAIAAAxNYWNpbnRvc2ggSEQAAAAAAAAAAAAAAAAAAAAAAAAAQkQAAf////8MZ2VsbWFuMTQucGRmAAAAAAAAAAAAAAAAAAAAAAAAAAAAAAAAAAAAAAAAAAAAAAAAAAAAAAAAAAAAAAAAAAAA/////wAAAAAAAAAAAAAAAAACAAMAAAogY3UAAAAAAAAAAAAAAAAABUJvb2tzAAACACsvOlVzZXJzOmF0ZXJlbmluOkRyb3Bib3g6Qm9va3M6Z2VsbWFuMTQucGRmAAAOABoADABnAGUAbABtAGEAbgAxADQALgBwAGQAZgAPABoADABNAGEAYwBpAG4AdABvAHMAaAAgAEgARAASAClVc2Vycy9hdGVyZW5pbi9Ecm9wYm94L0Jvb2tzL2dlbG1hbjE0LnBkZgAAEwABLwAAFQACAA///wAAAAgADQAaACQARwAAAAAAAAIBAAAAAAAAAAUAAAAAAAAAAAAAAAAAAAGV}}

@book{gine15,
	author = {Giné, Evarist and Nickl, Richard},
	date-added = {2021-09-12 19:28:53 +0100},
	date-modified = {2021-09-12 19:28:55 +0100},
	publisher = {Cambridge University Press},
	title = {Mathematical foundations of infinite-dimensional statistical models},
	year = {2015},
	Bdsk-File-1 = {YnBsaXN0MDDSAQIDBFxyZWxhdGl2ZVBhdGhZYWxpYXNEYXRhXxAeLi4vLi4vRHJvcGJveC9Cb29rcy9naW5lMTUucGRmTxEBQgAAAAABQgACAAAMTWFjaW50b3NoIEhEAAAAAAAAAAAAAAAAAAAAAAAAAEJEAAH/////CmdpbmUxNS5wZGYAAAAAAAAAAAAAAAAAAAAAAAAAAAAAAAAAAAAAAAAAAAAAAAAAAAAAAAAAAAAAAAAAAAAAAP////8AAAAAAAAAAAAAAAAAAgADAAAKIGN1AAAAAAAAAAAAAAAAAAVCb29rcwAAAgApLzpVc2VyczphdGVyZW5pbjpEcm9wYm94OkJvb2tzOmdpbmUxNS5wZGYAAA4AFgAKAGcAaQBuAGUAMQA1AC4AcABkAGYADwAaAAwATQBhAGMAaQBuAHQAbwBzAGgAIABIAEQAEgAnVXNlcnMvYXRlcmVuaW4vRHJvcGJveC9Cb29rcy9naW5lMTUucGRmAAATAAEvAAAVAAIAD///AAAACAANABoAJABFAAAAAAAAAgEAAAAAAAAABQAAAAAAAAAAAAAAAAAAAYs=}}

@book{ghosal17,
	author = {Ghosal, Subhashis and Van der Vaart, Aad},
	date-added = {2021-09-12 19:28:36 +0100},
	date-modified = {2021-09-12 19:28:37 +0100},
	publisher = {Cambridge University Press},
	title = {Fundamentals of nonparametric Bayesian inference},
	year = {2017},
	Bdsk-File-1 = {YnBsaXN0MDDSAQIDBFxyZWxhdGl2ZVBhdGhZYWxpYXNEYXRhXxAgLi4vLi4vRHJvcGJveC9Cb29rcy9naG9zYWwxNy5wZGZPEQFKAAAAAAFKAAIAAAxNYWNpbnRvc2ggSEQAAAAAAAAAAAAAAAAAAAAAAAAAQkQAAf////8MZ2hvc2FsMTcucGRmAAAAAAAAAAAAAAAAAAAAAAAAAAAAAAAAAAAAAAAAAAAAAAAAAAAAAAAAAAAAAAAAAAAA/////wAAAAAAAAAAAAAAAAACAAMAAAogY3UAAAAAAAAAAAAAAAAABUJvb2tzAAACACsvOlVzZXJzOmF0ZXJlbmluOkRyb3Bib3g6Qm9va3M6Z2hvc2FsMTcucGRmAAAOABoADABnAGgAbwBzAGEAbAAxADcALgBwAGQAZgAPABoADABNAGEAYwBpAG4AdABvAHMAaAAgAEgARAASAClVc2Vycy9hdGVyZW5pbi9Ecm9wYm94L0Jvb2tzL2dob3NhbDE3LnBkZgAAEwABLwAAFQACAA///wAAAAgADQAaACQARwAAAAAAAAIBAAAAAAAAAAUAAAAAAAAAAAAAAAAAAAGV}}

@incollection{levy82,
	author = {Levy, Alejandro V and Montalvo, Antonio and Gomez, Susana and Calderon, A},
	booktitle = {Numerical Analysis},
	date-added = {2021-09-12 15:03:48 +0100},
	date-modified = {2021-09-12 15:06:47 +0100},
	pages = {18--33},
	publisher = {Springer},
	title = {Topics in Global Optimization},
	year = {1982}}

@book{ghanem91,
	author = {Roger G. Ghanem and Pol D. Spanos},
	date-added = {2021-09-07 20:20:26 +0100},
	date-modified = {2021-09-07 20:20:27 +0100},
	publisher = {Springer},
	title = {Stochastic finite elements: a spectral approach},
	year = {1991},
	Bdsk-File-1 = {YnBsaXN0MDDSAQIDBFxyZWxhdGl2ZVBhdGhZYWxpYXNEYXRhXxAgLi4vLi4vRHJvcGJveC9Cb29rcy9naGFuZW05MS5wZGZPEQFKAAAAAAFKAAIAAAxNYWNpbnRvc2ggSEQAAAAAAAAAAAAAAAAAAAAAAAAAQkQAAf////8MZ2hhbmVtOTEucGRmAAAAAAAAAAAAAAAAAAAAAAAAAAAAAAAAAAAAAAAAAAAAAAAAAAAAAAAAAAAAAAAAAAAA/////wAAAAAAAAAAAAAAAAACAAMAAAogY3UAAAAAAAAAAAAAAAAABUJvb2tzAAACACsvOlVzZXJzOmF0ZXJlbmluOkRyb3Bib3g6Qm9va3M6Z2hhbmVtOTEucGRmAAAOABoADABnAGgAYQBuAGUAbQA5ADEALgBwAGQAZgAPABoADABNAGEAYwBpAG4AdABvAHMAaAAgAEgARAASAClVc2Vycy9hdGVyZW5pbi9Ecm9wYm94L0Jvb2tzL2doYW5lbTkxLnBkZgAAEwABLwAAFQACAA///wAAAAgADQAaACQARwAAAAAAAAIBAAAAAAAAAAUAAAAAAAAAAAAAAAAAAAGV}}

@book{lord14,
	author = {Lord, Gabriel J and Powell, Catherine E and Shardlow, Tony},
	date-added = {2021-09-07 02:20:16 +0100},
	date-modified = {2021-09-07 02:20:17 +0100},
	publisher = {Cambridge University Press},
	title = {An introduction to computational stochastic PDEs},
	year = {2014},
	Bdsk-File-1 = {YnBsaXN0MDDSAQIDBFxyZWxhdGl2ZVBhdGhZYWxpYXNEYXRhXxAeLi4vLi4vRHJvcGJveC9Cb29rcy9sb3JkMTQucGRmTxEBQgAAAAABQgACAAAMTWFjaW50b3NoIEhEAAAAAAAAAAAAAAAAAAAAAAAAAEJEAAH/////CmxvcmQxNC5wZGYAAAAAAAAAAAAAAAAAAAAAAAAAAAAAAAAAAAAAAAAAAAAAAAAAAAAAAAAAAAAAAAAAAAAAAP////8AAAAAAAAAAAAAAAAAAgADAAAKIGN1AAAAAAAAAAAAAAAAAAVCb29rcwAAAgApLzpVc2VyczphdGVyZW5pbjpEcm9wYm94OkJvb2tzOmxvcmQxNC5wZGYAAA4AFgAKAGwAbwByAGQAMQA0AC4AcABkAGYADwAaAAwATQBhAGMAaQBuAHQAbwBzAGgAIABIAEQAEgAnVXNlcnMvYXRlcmVuaW4vRHJvcGJveC9Cb29rcy9sb3JkMTQucGRmAAATAAEvAAAVAAIAD///AAAACAANABoAJABFAAAAAAAAAgEAAAAAAAAABQAAAAAAAAAAAAAAAAAAAYs=}}

@book{paulsen16,
	author = {Paulsen, Vern I and Raghupathi, Mrinal},
	date-added = {2021-09-07 01:45:50 +0100},
	date-modified = {2021-09-07 01:45:51 +0100},
	publisher = {Cambridge University Press},
	title = {An introduction to the theory of reproducing kernel Hilbert spaces},
	year = {2016},
	Bdsk-File-1 = {YnBsaXN0MDDSAQIDBFxyZWxhdGl2ZVBhdGhZYWxpYXNEYXRhXxAhLi4vLi4vRHJvcGJveC9Cb29rcy9wYXVsc2VuMTYucGRmTxEBTAAAAAABTAACAAAMTWFjaW50b3NoIEhEAAAAAAAAAAAAAAAAAAAAAAAAAEJEAAH/////DXBhdWxzZW4xNi5wZGYAAAAAAAAAAAAAAAAAAAAAAAAAAAAAAAAAAAAAAAAAAAAAAAAAAAAAAAAAAAAAAAAAAP////8AAAAAAAAAAAAAAAAAAgADAAAKIGN1AAAAAAAAAAAAAAAAAAVCb29rcwAAAgAsLzpVc2VyczphdGVyZW5pbjpEcm9wYm94OkJvb2tzOnBhdWxzZW4xNi5wZGYADgAcAA0AcABhAHUAbABzAGUAbgAxADYALgBwAGQAZgAPABoADABNAGEAYwBpAG4AdABvAHMAaAAgAEgARAASACpVc2Vycy9hdGVyZW5pbi9Ecm9wYm94L0Jvb2tzL3BhdWxzZW4xNi5wZGYAEwABLwAAFQACAA///wAAAAgADQAaACQASAAAAAAAAAIBAAAAAAAAAAUAAAAAAAAAAAAAAAAAAAGY}}

@article{slivkins19,
	author = {Slivkins, Aleksandrs},
	date-added = {2021-09-06 19:32:53 +0100},
	date-modified = {2021-09-08 02:57:24 +0100},
	journal = {Foundations and Trends in Machine Learning},
	number = {1--2},
	pages = {1--286},
	title = {Introduction to multi-armed bandits},
	volume = {12},
	year = {2019},
	Bdsk-File-1 = {YnBsaXN0MDDSAQIDBFxyZWxhdGl2ZVBhdGhZYWxpYXNEYXRhXxAjLi4vLi4vRHJvcGJveC9QYXBlcnMvc2xpdmtpbnMxOS5wZGZPEQFSAAAAAAFSAAIAAAxNYWNpbnRvc2ggSEQAAAAAAAAAAAAAAAAAAAAAAAAAQkQAAf////8Oc2xpdmtpbnMxOS5wZGYAAAAAAAAAAAAAAAAAAAAAAAAAAAAAAAAAAAAAAAAAAAAAAAAAAAAAAAAAAAAAAAAA/////wAAAAAAAAAAAAAAAAACAAMAAAogY3UAAAAAAAAAAAAAAAAABlBhcGVycwACAC4vOlVzZXJzOmF0ZXJlbmluOkRyb3Bib3g6UGFwZXJzOnNsaXZraW5zMTkucGRmAA4AHgAOAHMAbABpAHYAawBpAG4AcwAxADkALgBwAGQAZgAPABoADABNAGEAYwBpAG4AdABvAHMAaAAgAEgARAASACxVc2Vycy9hdGVyZW5pbi9Ecm9wYm94L1BhcGVycy9zbGl2a2luczE5LnBkZgATAAEvAAAVAAIAD///AAAACAANABoAJABKAAAAAAAAAgEAAAAAAAAABQAAAAAAAAAAAAAAAAAAAaA=}}

@article{chang97,
	author = {Chang, Joseph T and Pollard, David},
	date-added = {2021-09-06 17:34:05 +0100},
	date-modified = {2021-09-06 17:34:06 +0100},
	journal = {Statistica Neerlandica},
	number = {3},
	pages = {287--317},
	title = {Conditioning as Disintegration},
	volume = {51},
	year = {1997},
	Bdsk-File-1 = {YnBsaXN0MDDSAQIDBFxyZWxhdGl2ZVBhdGhZYWxpYXNEYXRhXxAgLi4vLi4vRHJvcGJveC9QYXBlcnMvY2hhbmc5Ny5wZGZPEQFIAAAAAAFIAAIAAAxNYWNpbnRvc2ggSEQAAAAAAAAAAAAAAAAAAAAAAAAAQkQAAf////8LY2hhbmc5Ny5wZGYAAAAAAAAAAAAAAAAAAAAAAAAAAAAAAAAAAAAAAAAAAAAAAAAAAAAAAAAAAAAAAAAAAAAA/////wAAAAAAAAAAAAAAAAACAAMAAAogY3UAAAAAAAAAAAAAAAAABlBhcGVycwACACsvOlVzZXJzOmF0ZXJlbmluOkRyb3Bib3g6UGFwZXJzOmNoYW5nOTcucGRmAAAOABgACwBjAGgAYQBuAGcAOQA3AC4AcABkAGYADwAaAAwATQBhAGMAaQBuAHQAbwBzAGgAIABIAEQAEgApVXNlcnMvYXRlcmVuaW4vRHJvcGJveC9QYXBlcnMvY2hhbmc5Ny5wZGYAABMAAS8AABUAAgAP//8AAAAIAA0AGgAkAEcAAAAAAAACAQAAAAAAAAAFAAAAAAAAAAAAAAAAAAABkw==}}

@book{ambrosio08,
	author = {Ambrosio, Luigi and Gigli, Nicola and Savaré, Giuseppe},
	date-added = {2021-09-06 17:33:57 +0100},
	date-modified = {2021-09-06 17:33:58 +0100},
	publisher = {Springer},
	title = {Gradient flows: in metric spaces and in the space of probability measures},
	year = {2008},
	Bdsk-File-1 = {YnBsaXN0MDDSAQIDBFxyZWxhdGl2ZVBhdGhZYWxpYXNEYXRhXxAiLi4vLi4vRHJvcGJveC9Cb29rcy9hbWJyb3NpbzA4LnBkZk8RAVIAAAAAAVIAAgAADE1hY2ludG9zaCBIRAAAAAAAAAAAAAAAAAAAAAAAAABCRAAB/////w5hbWJyb3NpbzA4LnBkZgAAAAAAAAAAAAAAAAAAAAAAAAAAAAAAAAAAAAAAAAAAAAAAAAAAAAAAAAAAAAAAAAD/////AAAAAAAAAAAAAAAAAAIAAwAACiBjdQAAAAAAAAAAAAAAAAAFQm9va3MAAAIALS86VXNlcnM6YXRlcmVuaW46RHJvcGJveDpCb29rczphbWJyb3NpbzA4LnBkZgAADgAeAA4AYQBtAGIAcgBvAHMAaQBvADAAOAAuAHAAZABmAA8AGgAMAE0AYQBjAGkAbgB0AG8AcwBoACAASABEABIAK1VzZXJzL2F0ZXJlbmluL0Ryb3Bib3gvQm9va3MvYW1icm9zaW8wOC5wZGYAABMAAS8AABUAAgAP//8AAAAIAA0AGgAkAEkAAAAAAAACAQAAAAAAAAAFAAAAAAAAAAAAAAAAAAABnw==}}

@book{bogachev07b,
	author = {Bogachev, Vladimir I},
	date-added = {2021-09-06 17:30:29 +0100},
	date-modified = {2021-09-06 17:30:37 +0100},
	publisher = {Springer},
	title = {Measure Theory: Volume II},
	year = {2007},
	Bdsk-File-1 = {YnBsaXN0MDDSAQIDBFxyZWxhdGl2ZVBhdGhZYWxpYXNEYXRhXxAjLi4vLi4vRHJvcGJveC9Cb29rcy9ib2dhY2hldjA3Yi5wZGZPEQFUAAAAAAFUAAIAAAxNYWNpbnRvc2ggSEQAAAAAAAAAAAAAAAAAAAAAAAAAQkQAAf////8PYm9nYWNoZXYwN2IucGRmAAAAAAAAAAAAAAAAAAAAAAAAAAAAAAAAAAAAAAAAAAAAAAAAAAAAAAAAAAAAAAAA/////wAAAAAAAAAAAAAAAAACAAMAAAogY3UAAAAAAAAAAAAAAAAABUJvb2tzAAACAC4vOlVzZXJzOmF0ZXJlbmluOkRyb3Bib3g6Qm9va3M6Ym9nYWNoZXYwN2IucGRmAA4AIAAPAGIAbwBnAGEAYwBoAGUAdgAwADcAYgAuAHAAZABmAA8AGgAMAE0AYQBjAGkAbgB0AG8AcwBoACAASABEABIALFVzZXJzL2F0ZXJlbmluL0Ryb3Bib3gvQm9va3MvYm9nYWNoZXYwN2IucGRmABMAAS8AABUAAgAP//8AAAAIAA0AGgAkAEoAAAAAAAACAQAAAAAAAAAFAAAAAAAAAAAAAAAAAAABog==}}

@book{bogachev07a,
	author = {Bogachev, Vladimir I},
	date-added = {2021-09-06 17:30:29 +0100},
	date-modified = {2021-09-06 17:30:34 +0100},
	publisher = {Springer},
	title = {Measure Theory: Volume I},
	year = {2007},
	Bdsk-File-1 = {YnBsaXN0MDDSAQIDBFxyZWxhdGl2ZVBhdGhZYWxpYXNEYXRhXxAjLi4vLi4vRHJvcGJveC9Cb29rcy9ib2dhY2hldjA3YS5wZGZPEQFUAAAAAAFUAAIAAAxNYWNpbnRvc2ggSEQAAAAAAAAAAAAAAAAAAAAAAAAAQkQAAf////8PYm9nYWNoZXYwN2EucGRmAAAAAAAAAAAAAAAAAAAAAAAAAAAAAAAAAAAAAAAAAAAAAAAAAAAAAAAAAAAAAAAA/////wAAAAAAAAAAAAAAAAACAAMAAAogY3UAAAAAAAAAAAAAAAAABUJvb2tzAAACAC4vOlVzZXJzOmF0ZXJlbmluOkRyb3Bib3g6Qm9va3M6Ym9nYWNoZXYwN2EucGRmAA4AIAAPAGIAbwBnAGEAYwBoAGUAdgAwADcAYQAuAHAAZABmAA8AGgAMAE0AYQBjAGkAbgB0AG8AcwBoACAASABEABIALFVzZXJzL2F0ZXJlbmluL0Ryb3Bib3gvQm9va3MvYm9nYWNoZXYwN2EucGRmABMAAS8AABUAAgAP//8AAAAIAA0AGgAkAEoAAAAAAAACAQAAAAAAAAAFAAAAAAAAAAAAAAAAAAABog==}}

@article{rosenbrock60,
	author = {Rosenbrock, HoHo},
	date-added = {2021-08-29 01:23:11 +0100},
	date-modified = {2021-08-29 01:23:12 +0100},
	journal = {The Computer Journal},
	number = {3},
	pages = {175--184},
	title = {An automatic method for finding the greatest or least value of a function},
	volume = {3},
	year = {1960}}

@book{ackley87,
	author = {Ackley, David},
	date-added = {2021-08-29 01:22:35 +0100},
	date-modified = {2021-08-29 01:22:41 +0100},
	publisher = {Springer},
	title = {A connectionist machine for genetic hillclimbing},
	year = {1987}}

@inproceedings{jaquier20,
	author = {Jaquier, Noémie and Rozo, Leonel and Calinon, Sylvain and Bürger, Mathias},
	booktitle = {Conference on Robot Learning},
	date-added = {2021-08-28 23:03:21 +0100},
	date-modified = {2021-08-28 23:03:22 +0100},
	pages = {233--246},
	title = {Bayesian optimization meets Riemannian manifolds in robot learning},
	year = {2020}}

@misc{osm17,
	author = {{OpenStreetMap contributors}},
	date-added = {2021-08-28 19:29:49 +0100},
	date-modified = {2021-08-28 19:29:57 +0100},
	title = {{Retrieved from \urlstyle{same}\textsc{\url{https://planet.osm.org}} }},
	year = {2017}}

@article{crane17,
	author = {Crane, Keenan and Wardetzky, Max},
	date-added = {2021-08-27 16:07:17 +0100},
	date-modified = {2021-08-27 16:07:18 +0100},
	journal = {Notices of the American Mathematical Society},
	number = {11},
	title = {A glimpse into discrete differential geometry},
	volume = {64},
	year = {2017},
	Bdsk-File-1 = {YnBsaXN0MDDSAQIDBFxyZWxhdGl2ZVBhdGhZYWxpYXNEYXRhXxAgLi4vLi4vRHJvcGJveC9QYXBlcnMvY3JhbmUxNy5wZGZPEQFIAAAAAAFIAAIAAAxNYWNpbnRvc2ggSEQAAAAAAAAAAAAAAAAAAAAAAAAAQkQAAf////8LY3JhbmUxNy5wZGYAAAAAAAAAAAAAAAAAAAAAAAAAAAAAAAAAAAAAAAAAAAAAAAAAAAAAAAAAAAAAAAAAAAAA/////wAAAAAAAAAAAAAAAAACAAMAAAogY3UAAAAAAAAAAAAAAAAABlBhcGVycwACACsvOlVzZXJzOmF0ZXJlbmluOkRyb3Bib3g6UGFwZXJzOmNyYW5lMTcucGRmAAAOABgACwBjAHIAYQBuAGUAMQA3AC4AcABkAGYADwAaAAwATQBhAGMAaQBuAHQAbwBzAGgAIABIAEQAEgApVXNlcnMvYXRlcmVuaW4vRHJvcGJveC9QYXBlcnMvY3JhbmUxNy5wZGYAABMAAS8AABUAAgAP//8AAAAIAA0AGgAkAEcAAAAAAAACAQAAAAAAAAAFAAAAAAAAAAAAAAAAAAABkw==}}

@article{rathgeber16,
	author = {Rathgeber, Florian and Ham, David A and Mitchell, Lawrence and Lange, Michael and Luporini, Fabio and McRae, Andrew TT and Bercea, Gheorghe-Teodor and Markall, Graham R and Kelly, Paul HJ},
	date-added = {2021-08-27 16:03:00 +0100},
	date-modified = {2021-08-27 16:03:01 +0100},
	journal = {ACM Transactions on Mathematical Software (TOMS)},
	number = {3},
	pages = {1--27},
	title = {Firedrake: automating the finite element method by composing abstractions},
	volume = {43},
	year = {2016}}

@inproceedings{curless96,
	author = {Curless, Brian and Levoy, Marc},
	booktitle = {Proceedings of the 23rd annual conference on Computer graphics and interactive techniques},
	date-added = {2021-08-27 16:00:55 +0100},
	date-modified = {2021-08-27 16:00:55 +0100},
	pages = {303--312},
	title = {A volumetric method for building complex models from range images},
	year = {1996}}

@article{bergstra12,
	author = {Bergstra, James and Bengio, Yoshua},
	date-added = {2021-08-27 14:04:13 +0100},
	date-modified = {2021-08-27 14:04:14 +0100},
	journal = {Journal of Machine Learning Research},
	pages = {281--305},
	title = {Random search for hyper-parameter optimization},
	volume = {13},
	year = {2012}}

@article{jones93,
	author = {Jones, Donald R and Perttunen, Cary D and Stuckman, Bruce E},
	date-added = {2021-08-27 14:04:07 +0100},
	date-modified = {2021-08-27 14:04:08 +0100},
	journal = {Journal of Optimization Theory and Applications},
	number = {1},
	pages = {157--181},
	title = {Lipschitzian optimization without the Lipschitz constant},
	volume = {79},
	year = {1993}}

@article{byrd95,
	author = {Byrd, Richard H and Lu, Peihuang and Nocedal, Jorge and Zhu, Ciyou},
	date-added = {2021-08-27 02:03:21 +0100},
	date-modified = {2021-08-27 02:03:32 +0100},
	journal = {SIAM Journal on Scientific Computing},
	number = {5},
	pages = {1190--1208},
	title = {A limited memory algorithm for bound constrained optimization},
	volume = {16},
	year = {1995}}

@book{billingsley08,
	author = {Billingsley, Patrick},
	date-added = {2021-08-14 19:30:30 +0100},
	date-modified = {2021-08-14 19:30:30 +0100},
	edition = {3},
	publisher = {Wiley},
	title = {Probability and measure},
	year = {2008},
	Bdsk-File-1 = {YnBsaXN0MDDSAQIDBFxyZWxhdGl2ZVBhdGhZYWxpYXNEYXRhXxAlLi4vLi4vRHJvcGJveC9Cb29rcy9iaWxsaW5nc2xleTA4LnBkZk8RAVwAAAAAAVwAAgAADE1hY2ludG9zaCBIRAAAAAAAAAAAAAAAAAAAAAAAAABCRAAB/////xFiaWxsaW5nc2xleTA4LnBkZgAAAAAAAAAAAAAAAAAAAAAAAAAAAAAAAAAAAAAAAAAAAAAAAAAAAAAAAAAAAAD/////AAAAAAAAAAAAAAAAAAIAAwAACiBjdQAAAAAAAAAAAAAAAAAFQm9va3MAAAIAMC86VXNlcnM6YXRlcmVuaW46RHJvcGJveDpCb29rczpiaWxsaW5nc2xleTA4LnBkZgAOACQAEQBiAGkAbABsAGkAbgBnAHMAbABlAHkAMAA4AC4AcABkAGYADwAaAAwATQBhAGMAaQBuAHQAbwBzAGgAIABIAEQAEgAuVXNlcnMvYXRlcmVuaW4vRHJvcGJveC9Cb29rcy9iaWxsaW5nc2xleTA4LnBkZgATAAEvAAAVAAIAD///AAAACAANABoAJABMAAAAAAAAAgEAAAAAAAAABQAAAAAAAAAAAAAAAAAAAaw=}}

@book{kallenberg06,
	author = {Kallenberg, Olav},
	date-added = {2021-08-14 19:30:25 +0100},
	date-modified = {2021-08-14 19:30:25 +0100},
	publisher = {Springer},
	title = {Foundations of modern probability},
	year = {2006},
	Bdsk-File-1 = {YnBsaXN0MDDSAQIDBFxyZWxhdGl2ZVBhdGhZYWxpYXNEYXRhXxAlLi4vLi4vRHJvcGJveC9Cb29rcy9rYWxsZW5iZXJnMDZhLnBkZk8RAVwAAAAAAVwAAgAADE1hY2ludG9zaCBIRAAAAAAAAAAAAAAAAAAAAAAAAABCRAAB/////xFrYWxsZW5iZXJnMDZhLnBkZgAAAAAAAAAAAAAAAAAAAAAAAAAAAAAAAAAAAAAAAAAAAAAAAAAAAAAAAAAAAAD/////AAAAAAAAAAAAAAAAAAIAAwAACiBjdQAAAAAAAAAAAAAAAAAFQm9va3MAAAIAMC86VXNlcnM6YXRlcmVuaW46RHJvcGJveDpCb29rczprYWxsZW5iZXJnMDZhLnBkZgAOACQAEQBrAGEAbABsAGUAbgBiAGUAcgBnADAANgBhAC4AcABkAGYADwAaAAwATQBhAGMAaQBuAHQAbwBzAGgAIABIAEQAEgAuVXNlcnMvYXRlcmVuaW4vRHJvcGJveC9Cb29rcy9rYWxsZW5iZXJnMDZhLnBkZgATAAEvAAAVAAIAD///AAAACAANABoAJABMAAAAAAAAAgEAAAAAAAAABQAAAAAAAAAAAAAAAAAAAaw=}}

@unpublished{jacquier21,
	author = {Noémie Jaquier and Viacheslav Borovitskiy and Andrei Smolensky and Alexander Terenin and Tamim Asfour and Leonel Rozo},
	date-added = {2021-08-14 01:48:49 +0100},
	date-modified = {2021-08-14 01:51:13 +0100},
	title = {Geometry-aware Bayesian Optimization in Robotics using Riemannian Matérn Kernels},
	year = {2021}}

@book{tao11,
	author = {Tao, Terence},
	date-added = {2021-08-10 18:17:28 +0100},
	date-modified = {2021-08-10 18:17:29 +0100},
	publisher = {American Mathematical Society},
	title = {An Introduction to Measure Theory},
	year = {2011},
	Bdsk-File-1 = {YnBsaXN0MDDSAQIDBFxyZWxhdGl2ZVBhdGhZYWxpYXNEYXRhXxAdLi4vLi4vRHJvcGJveC9Cb29rcy90YW8xMS5wZGZPEQE8AAAAAAE8AAIAAAxNYWNpbnRvc2ggSEQAAAAAAAAAAAAAAAAAAAAAAAAAQkQAAf////8JdGFvMTEucGRmAAAAAAAAAAAAAAAAAAAAAAAAAAAAAAAAAAAAAAAAAAAAAAAAAAAAAAAAAAAAAAAAAAAAAAAA/////wAAAAAAAAAAAAAAAAACAAMAAAogY3UAAAAAAAAAAAAAAAAABUJvb2tzAAACACgvOlVzZXJzOmF0ZXJlbmluOkRyb3Bib3g6Qm9va3M6dGFvMTEucGRmAA4AFAAJAHQAYQBvADEAMQAuAHAAZABmAA8AGgAMAE0AYQBjAGkAbgB0AG8AcwBoACAASABEABIAJlVzZXJzL2F0ZXJlbmluL0Ryb3Bib3gvQm9va3MvdGFvMTEucGRmABMAAS8AABUAAgAP//8AAAAIAA0AGgAkAEQAAAAAAAACAQAAAAAAAAAFAAAAAAAAAAAAAAAAAAABhA==}}

@book{lee10,
	author = {Lee, John M},
	date-added = {2021-08-10 01:24:59 +0100},
	date-modified = {2021-08-10 01:25:00 +0100},
	publisher = {Springer},
	title = {Introduction to topological manifolds},
	year = {2010},
	Bdsk-File-1 = {YnBsaXN0MDDSAQIDBFxyZWxhdGl2ZVBhdGhZYWxpYXNEYXRhXxAeLi4vLi4vRHJvcGJveC9Cb29rcy9sZWUxMGEucGRmTxEBQgAAAAABQgACAAAMTWFjaW50b3NoIEhEAAAAAAAAAAAAAAAAAAAAAAAAAEJEAAH/////CmxlZTEwYS5wZGYAAAAAAAAAAAAAAAAAAAAAAAAAAAAAAAAAAAAAAAAAAAAAAAAAAAAAAAAAAAAAAAAAAAAAAP////8AAAAAAAAAAAAAAAAAAgADAAAKIGN1AAAAAAAAAAAAAAAAAAVCb29rcwAAAgApLzpVc2VyczphdGVyZW5pbjpEcm9wYm94OkJvb2tzOmxlZTEwYS5wZGYAAA4AFgAKAGwAZQBlADEAMABhAC4AcABkAGYADwAaAAwATQBhAGMAaQBuAHQAbwBzAGgAIABIAEQAEgAnVXNlcnMvYXRlcmVuaW4vRHJvcGJveC9Cb29rcy9sZWUxMGEucGRmAAATAAEvAAAVAAIAD///AAAACAANABoAJABFAAAAAAAAAgEAAAAAAAAABQAAAAAAAAAAAAAAAAAAAYs=}}

@book{hairer09,
	author = {Hairer, Martin},
	date-added = {2021-08-08 19:12:29 +0100},
	date-modified = {2021-08-08 19:12:30 +0100},
	publisher = {University of Warwick},
	title = {An introduction to stochastic PDEs},
	year = {2009},
	Bdsk-File-1 = {YnBsaXN0MDDSAQIDBFxyZWxhdGl2ZVBhdGhZYWxpYXNEYXRhXxAhLi4vLi4vRHJvcGJveC9QYXBlcnMvaGFpcmVyMDkucGRmTxEBSgAAAAABSgACAAAMTWFjaW50b3NoIEhEAAAAAAAAAAAAAAAAAAAAAAAAAEJEAAH/////DGhhaXJlcjA5LnBkZgAAAAAAAAAAAAAAAAAAAAAAAAAAAAAAAAAAAAAAAAAAAAAAAAAAAAAAAAAAAAAAAAAAAP////8AAAAAAAAAAAAAAAAAAgADAAAKIGN1AAAAAAAAAAAAAAAAAAZQYXBlcnMAAgAsLzpVc2VyczphdGVyZW5pbjpEcm9wYm94OlBhcGVyczpoYWlyZXIwOS5wZGYADgAaAAwAaABhAGkAcgBlAHIAMAA5AC4AcABkAGYADwAaAAwATQBhAGMAaQBuAHQAbwBzAGgAIABIAEQAEgAqVXNlcnMvYXRlcmVuaW4vRHJvcGJveC9QYXBlcnMvaGFpcmVyMDkucGRmABMAAS8AABUAAgAP//8AAAAIAA0AGgAkAEgAAAAAAAACAQAAAAAAAAAFAAAAAAAAAAAAAAAAAAABlg==}}

@book{bogachev98,
	author = {Bogachev, Vladimir Igorevich},
	date-added = {2021-08-08 19:12:23 +0100},
	date-modified = {2021-08-08 19:12:24 +0100},
	publisher = {American Mathematical Society},
	title = {Gaussian Measures},
	year = {1998},
	Bdsk-File-1 = {YnBsaXN0MDDSAQIDBFxyZWxhdGl2ZVBhdGhZYWxpYXNEYXRhXxAiLi4vLi4vRHJvcGJveC9Cb29rcy9ib2dhY2hldjk4LnBkZk8RAVIAAAAAAVIAAgAADE1hY2ludG9zaCBIRAAAAAAAAAAAAAAAAAAAAAAAAABCRAAB/////w5ib2dhY2hldjk4LnBkZgAAAAAAAAAAAAAAAAAAAAAAAAAAAAAAAAAAAAAAAAAAAAAAAAAAAAAAAAAAAAAAAAD/////AAAAAAAAAAAAAAAAAAIAAwAACiBjdQAAAAAAAAAAAAAAAAAFQm9va3MAAAIALS86VXNlcnM6YXRlcmVuaW46RHJvcGJveDpCb29rczpib2dhY2hldjk4LnBkZgAADgAeAA4AYgBvAGcAYQBjAGgAZQB2ADkAOAAuAHAAZABmAA8AGgAMAE0AYQBjAGkAbgB0AG8AcwBoACAASABEABIAK1VzZXJzL2F0ZXJlbmluL0Ryb3Bib3gvQm9va3MvYm9nYWNoZXY5OC5wZGYAABMAAS8AABUAAgAP//8AAAAIAA0AGgAkAEkAAAAAAAACAQAAAAAAAAAFAAAAAAAAAAAAAAAAAAABnw==}}

@inproceedings{solin19,
	author = {Solin, Arno and Kok, Manon},
	booktitle = {Artificial Intelligence and Statistics},
	date-added = {2021-07-25 22:29:20 +0100},
	date-modified = {2021-07-25 22:29:20 +0100},
	pages = {2193--2202},
	title = {Know Your Boundaries: Constraining Gaussian Processes by Variational Harmonic Features},
	year = {2019},
	Bdsk-File-1 = {YnBsaXN0MDDSAQIDBFxyZWxhdGl2ZVBhdGhZYWxpYXNEYXRhXxAgLi4vLi4vRHJvcGJveC9QYXBlcnMvc29saW4xOS5wZGZPEQFIAAAAAAFIAAIAAAxNYWNpbnRvc2ggSEQAAAAAAAAAAAAAAAAAAAAAAAAAQkQAAf////8Lc29saW4xOS5wZGYAAAAAAAAAAAAAAAAAAAAAAAAAAAAAAAAAAAAAAAAAAAAAAAAAAAAAAAAAAAAAAAAAAAAA/////wAAAAAAAAAAAAAAAAACAAMAAAogY3UAAAAAAAAAAAAAAAAABlBhcGVycwACACsvOlVzZXJzOmF0ZXJlbmluOkRyb3Bib3g6UGFwZXJzOnNvbGluMTkucGRmAAAOABgACwBzAG8AbABpAG4AMQA5AC4AcABkAGYADwAaAAwATQBhAGMAaQBuAHQAbwBzAGgAIABIAEQAEgApVXNlcnMvYXRlcmVuaW4vRHJvcGJveC9QYXBlcnMvc29saW4xOS5wZGYAABMAAS8AABUAAgAP//8AAAAIAA0AGgAkAEcAAAAAAAACAQAAAAAAAAAFAAAAAAAAAAAAAAAAAAABkw==}}

@article{sanzalonso20,
	author = {Sanz-Alonso, Daniel and Yang, Ruiyi},
	date-added = {2021-07-19 21:38:32 +0100},
	date-modified = {2021-07-19 21:38:46 +0100},
	journal = {arXiv:2004.08000},
	title = {The SPDE approach to Matérn fields: Graph representations},
	year = {2020}}

@article{burago14,
	author = {Burago, Dmitri and Ivanov, Sergei and Kurylev, Yaroslav},
	date-added = {2021-07-19 21:38:15 +0100},
	date-modified = {2021-07-19 21:38:15 +0100},
	journal = {Journal of Spectral Theory},
	number = {4},
	pages = {675--714},
	title = {A graph discretization of the Laplace--Beltrami operator},
	volume = {4},
	year = {2014}}

@inproceedings{belkin07,
	author = {Belkin, Mikhail and Niyogi, Partha},
	booktitle = {Advances in Neural Information Processing Systems},
	date-added = {2021-07-19 21:38:10 +0100},
	date-modified = {2021-07-19 21:38:11 +0100},
	title = {Convergence of Laplacian eigenmaps},
	year = {2007}}

@incollection{smola03,
	author = {Smola, Alexander J and Kondor, Risi},
	booktitle = {Learning Theory and Kernel Machines},
	date-added = {2021-07-19 21:18:03 +0100},
	date-modified = {2021-07-19 21:18:03 +0100},
	pages = {144--158},
	publisher = {Springer},
	title = {Kernels and regularization on graphs},
	year = {2003}}

@article{urry13,
	author = {Urry, Matthew J and Sollich, Peter},
	date-added = {2021-07-19 21:01:27 +0100},
	date-modified = {2021-07-19 21:01:28 +0100},
	journal = {Journal of Machine Learning Research},
	number = {1},
	pages = {1801--1835},
	title = {Random walk kernels and learning curves for Gaussian process regression on random graphs},
	volume = {14},
	year = {2013}}

@book{gradshteyn14,
	author = {Gradshteyn, Izrail Solomonovich and Ryzhik, Iosif Moiseevich},
	date-added = {2021-07-18 14:20:54 +0100},
	date-modified = {2021-07-18 14:20:54 +0100},
	edition = {7},
	editor = {Alan Jeffrey and Daniel Zwillinger},
	publisher = {Academic Press},
	title = {Table of Integrals, Series, and Products},
	year = {2014},
	Bdsk-File-1 = {YnBsaXN0MDDSAQIDBFxyZWxhdGl2ZVBhdGhZYWxpYXNEYXRhXxAkLi4vLi4vRHJvcGJveC9Cb29rcy9ncmFkc2h0ZXluMTQucGRmTxEBWgAAAAABWgACAAAMTWFjaW50b3NoIEhEAAAAAAAAAAAAAAAAAAAAAAAAAEJEAAH/////EGdyYWRzaHRleW4xNC5wZGYAAAAAAAAAAAAAAAAAAAAAAAAAAAAAAAAAAAAAAAAAAAAAAAAAAAAAAAAAAAAAAP////8AAAAAAAAAAAAAAAAAAgADAAAKIGN1AAAAAAAAAAAAAAAAAAVCb29rcwAAAgAvLzpVc2VyczphdGVyZW5pbjpEcm9wYm94OkJvb2tzOmdyYWRzaHRleW4xNC5wZGYAAA4AIgAQAGcAcgBhAGQAcwBoAHQAZQB5AG4AMQA0AC4AcABkAGYADwAaAAwATQBhAGMAaQBuAHQAbwBzAGgAIABIAEQAEgAtVXNlcnMvYXRlcmVuaW4vRHJvcGJveC9Cb29rcy9ncmFkc2h0ZXluMTQucGRmAAATAAEvAAAVAAIAD///AAAACAANABoAJABLAAAAAAAAAgEAAAAAAAAABQAAAAAAAAAAAAAAAAAAAak=}}

@article{whittle63,
	author = {Whittle, Peter},
	date-added = {2021-07-18 13:24:09 +0100},
	date-modified = {2021-07-18 13:24:09 +0100},
	journal = {Bulletin of the International Statistical Institute},
	number = {2},
	pages = {974--994},
	title = {Stochastic processes in several dimensions},
	volume = {40},
	year = {1963},
	Bdsk-File-1 = {YnBsaXN0MDDSAQIDBFxyZWxhdGl2ZVBhdGhZYWxpYXNEYXRhXxAiLi4vLi4vRHJvcGJveC9QYXBlcnMvd2hpdHRsZTYzLnBkZk8RAVAAAAAAAVAAAgAADE1hY2ludG9zaCBIRAAAAAAAAAAAAAAAAAAAAAAAAABCRAAB/////w13aGl0dGxlNjMucGRmAAAAAAAAAAAAAAAAAAAAAAAAAAAAAAAAAAAAAAAAAAAAAAAAAAAAAAAAAAAAAAAAAAD/////AAAAAAAAAAAAAAAAAAIAAwAACiBjdQAAAAAAAAAAAAAAAAAGUGFwZXJzAAIALS86VXNlcnM6YXRlcmVuaW46RHJvcGJveDpQYXBlcnM6d2hpdHRsZTYzLnBkZgAADgAcAA0AdwBoAGkAdAB0AGwAZQA2ADMALgBwAGQAZgAPABoADABNAGEAYwBpAG4AdABvAHMAaAAgAEgARAASACtVc2Vycy9hdGVyZW5pbi9Ecm9wYm94L1BhcGVycy93aGl0dGxlNjMucGRmAAATAAEvAAAVAAIAD///AAAACAANABoAJABJAAAAAAAAAgEAAAAAAAAABQAAAAAAAAAAAAAAAAAAAZ0=}}

@article{lindgren11,
	author = {Lindgren, Finn and Rue, Håvard and Lindström, Johan},
	date-added = {2021-07-18 13:23:56 +0100},
	date-modified = {2021-07-18 13:23:57 +0100},
	journal = {Journal of the Royal Statistical Society: Series B (Statistical Methodology)},
	number = {4},
	pages = {423--498},
	title = {An explicit link between Gaussian fields and Gaussian Markov random fields: the stochastic partial differential equation approach},
	volume = {73},
	year = {2011},
	Bdsk-File-1 = {YnBsaXN0MDDSAQIDBFxyZWxhdGl2ZVBhdGhZYWxpYXNEYXRhXxAjLi4vLi4vRHJvcGJveC9QYXBlcnMvbGluZGdyZW4xMS5wZGZPEQFSAAAAAAFSAAIAAAxNYWNpbnRvc2ggSEQAAAAAAAAAAAAAAAAAAAAAAAAAQkQAAf////8ObGluZGdyZW4xMS5wZGYAAAAAAAAAAAAAAAAAAAAAAAAAAAAAAAAAAAAAAAAAAAAAAAAAAAAAAAAAAAAAAAAA/////wAAAAAAAAAAAAAAAAACAAMAAAogY3UAAAAAAAAAAAAAAAAABlBhcGVycwACAC4vOlVzZXJzOmF0ZXJlbmluOkRyb3Bib3g6UGFwZXJzOmxpbmRncmVuMTEucGRmAA4AHgAOAGwAaQBuAGQAZwByAGUAbgAxADEALgBwAGQAZgAPABoADABNAGEAYwBpAG4AdABvAHMAaAAgAEgARAASACxVc2Vycy9hdGVyZW5pbi9Ecm9wYm94L1BhcGVycy9saW5kZ3JlbjExLnBkZgATAAEvAAAVAAIAD///AAAACAANABoAJABKAAAAAAAAAgEAAAAAAAAABQAAAAAAAAAAAAAAAAAAAaA=}}

@article{devito20,
	author = {De Vito, Ernesto and Mücke, Nicole and Rosasco, Lorenzo},
	date-added = {2021-07-18 11:33:16 +0100},
	date-modified = {2021-07-18 11:33:24 +0100},
	journal = {Analysis and Applications},
	number = {3},
	title = {Reproducing kernel Hilbert spaces on manifolds: Sobolev and Diffusion spaces},
	volume = {19},
	year = {2020},
	Bdsk-File-1 = {YnBsaXN0MDDSAQIDBFxyZWxhdGl2ZVBhdGhZYWxpYXNEYXRhXxAhLi4vLi4vRHJvcGJveC9QYXBlcnMvZGV2aXRvMjAucGRmTxEBSgAAAAABSgACAAAMTWFjaW50b3NoIEhEAAAAAAAAAAAAAAAAAAAAAAAAAEJEAAH/////DGRldml0bzIwLnBkZgAAAAAAAAAAAAAAAAAAAAAAAAAAAAAAAAAAAAAAAAAAAAAAAAAAAAAAAAAAAAAAAAAAAP////8AAAAAAAAAAAAAAAAAAgADAAAKIGN1AAAAAAAAAAAAAAAAAAZQYXBlcnMAAgAsLzpVc2VyczphdGVyZW5pbjpEcm9wYm94OlBhcGVyczpkZXZpdG8yMC5wZGYADgAaAAwAZABlAHYAaQB0AG8AMgAwAC4AcABkAGYADwAaAAwATQBhAGMAaQBuAHQAbwBzAGgAIABIAEQAEgAqVXNlcnMvYXRlcmVuaW4vRHJvcGJveC9QYXBlcnMvZGV2aXRvMjAucGRmABMAAS8AABUAAgAP//8AAAAIAA0AGgAkAEgAAAAAAAACAQAAAAAAAAAFAAAAAAAAAAAAAAAAAAABlg==}}

@book{lototsky17,
	author = {Lototsky, Sergey V and Rozovsky, Boris L},
	date-added = {2021-07-17 17:22:05 +0100},
	date-modified = {2021-07-17 17:22:06 +0100},
	publisher = {Springer},
	title = {Stochastic partial differential equations},
	year = {2017},
	Bdsk-File-1 = {YnBsaXN0MDDSAQIDBFxyZWxhdGl2ZVBhdGhZYWxpYXNEYXRhXxAiLi4vLi4vRHJvcGJveC9Cb29rcy9sb3RvdHNreTE3LnBkZk8RAVIAAAAAAVIAAgAADE1hY2ludG9zaCBIRAAAAAAAAAAAAAAAAAAAAAAAAABCRAAB/////w5sb3RvdHNreTE3LnBkZgAAAAAAAAAAAAAAAAAAAAAAAAAAAAAAAAAAAAAAAAAAAAAAAAAAAAAAAAAAAAAAAAD/////AAAAAAAAAAAAAAAAAAIAAwAACiBjdQAAAAAAAAAAAAAAAAAFQm9va3MAAAIALS86VXNlcnM6YXRlcmVuaW46RHJvcGJveDpCb29rczpsb3RvdHNreTE3LnBkZgAADgAeAA4AbABvAHQAbwB0AHMAawB5ADEANwAuAHAAZABmAA8AGgAMAE0AYQBjAGkAbgB0AG8AcwBoACAASABEABIAK1VzZXJzL2F0ZXJlbmluL0Ryb3Bib3gvQm9va3MvbG90b3Rza3kxNy5wZGYAABMAAS8AABUAAgAP//8AAAAIAA0AGgAkAEkAAAAAAAACAQAAAAAAAAAFAAAAAAAAAAAAAAAAAAABnw==}}

@book{villani08,
	author = {Villani, Cédric},
	date-added = {2021-07-17 15:05:57 +0100},
	date-modified = {2021-07-17 15:05:58 +0100},
	publisher = {Springer},
	title = {Optimal Transport: old and new},
	year = {2008},
	Bdsk-File-1 = {YnBsaXN0MDDSAQIDBFxyZWxhdGl2ZVBhdGhZYWxpYXNEYXRhXxAhLi4vLi4vRHJvcGJveC9Cb29rcy92aWxsYW5pMDgucGRmTxEBTAAAAAABTAACAAAMTWFjaW50b3NoIEhEAAAAAAAAAAAAAAAAAAAAAAAAAEJEAAH/////DXZpbGxhbmkwOC5wZGYAAAAAAAAAAAAAAAAAAAAAAAAAAAAAAAAAAAAAAAAAAAAAAAAAAAAAAAAAAAAAAAAAAP////8AAAAAAAAAAAAAAAAAAgADAAAKIGN1AAAAAAAAAAAAAAAAAAVCb29rcwAAAgAsLzpVc2VyczphdGVyZW5pbjpEcm9wYm94OkJvb2tzOnZpbGxhbmkwOC5wZGYADgAcAA0AdgBpAGwAbABhAG4AaQAwADgALgBwAGQAZgAPABoADABNAGEAYwBpAG4AdABvAHMAaAAgAEgARAASACpVc2Vycy9hdGVyZW5pbi9Ecm9wYm94L0Jvb2tzL3ZpbGxhbmkwOC5wZGYAEwABLwAAFQACAA///wAAAAgADQAaACQASAAAAAAAAAIBAAAAAAAAAAUAAAAAAAAAAAAAAAAAAAGY}}

@inproceedings{feragen15,
	author = {Feragen, Aasa and Lauze, Francois and Hauberg, Soren},
	booktitle = {Conference on Computer Vision and Pattern Recognition},
	pages = {3032--3042},
	title = {Geodesic exponential kernels: When curvature and linearity conflict},
	year = {2015}}

@article{strichartz83,
	author = {Strichartz, Robert S.},
	journal = {Journal of Functional Analysis},
	number = {1},
	pages = {48--79},
	publisher = {Academic Press},
	title = {Analysis of the Laplacian on the complete Riemannian manifold},
	volume = {52},
	year = {1983}}

@book{canzani13,
	author = {Canzani, Yaiza},
	date-added = {2021-07-17 01:42:19 +0100},
	date-modified = {2021-07-17 01:42:20 +0100},
	publisher = {Harvard University},
	title = {Analysis on manifolds via the Laplacian},
	year = {2013},
	Bdsk-File-1 = {YnBsaXN0MDDSAQIDBFxyZWxhdGl2ZVBhdGhZYWxpYXNEYXRhXxAhLi4vLi4vRHJvcGJveC9Cb29rcy9jYW56YW5pMTMucGRmTxEBTAAAAAABTAACAAAMTWFjaW50b3NoIEhEAAAAAAAAAAAAAAAAAAAAAAAAAEJEAAH/////DWNhbnphbmkxMy5wZGYAAAAAAAAAAAAAAAAAAAAAAAAAAAAAAAAAAAAAAAAAAAAAAAAAAAAAAAAAAAAAAAAAAP////8AAAAAAAAAAAAAAAAAAgADAAAKIGN1AAAAAAAAAAAAAAAAAAVCb29rcwAAAgAsLzpVc2VyczphdGVyZW5pbjpEcm9wYm94OkJvb2tzOmNhbnphbmkxMy5wZGYADgAcAA0AYwBhAG4AegBhAG4AaQAxADMALgBwAGQAZgAPABoADABNAGEAYwBpAG4AdABvAHMAaAAgAEgARAASACpVc2Vycy9hdGVyZW5pbi9Ecm9wYm94L0Jvb2tzL2NhbnphbmkxMy5wZGYAEwABLwAAFQACAA///wAAAAgADQAaACQASAAAAAAAAAIBAAAAAAAAAAUAAAAAAAAAAAAAAAAAAAGY}}

@book{chavel84,
	author = {Chavel, Isaac},
	publisher = {Academic Press},
	title = {Eigenvalues in Riemannian Geometry},
	year = {1984}}

@inproceedings{sutherland15,
	author = {Sutherland, Danica J and Schneider, Jeff},
	booktitle = {Uncertainty in Artificial Intelligence},
	date-added = {2020-01-20 11:30:04 +0000},
	date-modified = {2021-06-04 17:00:16 +0100},
	title = {On the error of random Fourier features},
	year = {2015},
	Bdsk-File-1 = {YnBsaXN0MDDSAQIDBFxyZWxhdGl2ZVBhdGhZYWxpYXNEYXRhXxAlLi4vLi4vRHJvcGJveC9QYXBlcnMvc3V0aGVybGFuZDE1LnBkZk8RAVoAAAAAAVoAAgAADE1hY2ludG9zaCBIRAAAAAAAAAAAAAAAAAAAAAAAAABCRAAB/////xBzdXRoZXJsYW5kMTUucGRmAAAAAAAAAAAAAAAAAAAAAAAAAAAAAAAAAAAAAAAAAAAAAAAAAAAAAAAAAAAAAAD/////AAAAAAAAAAAAAAAAAAIAAwAACiBjdQAAAAAAAAAAAAAAAAAGUGFwZXJzAAIAMC86VXNlcnM6YXRlcmVuaW46RHJvcGJveDpQYXBlcnM6c3V0aGVybGFuZDE1LnBkZgAOACIAEABzAHUAdABoAGUAcgBsAGEAbgBkADEANQAuAHAAZABmAA8AGgAMAE0AYQBjAGkAbgB0AG8AcwBoACAASABEABIALlVzZXJzL2F0ZXJlbmluL0Ryb3Bib3gvUGFwZXJzL3N1dGhlcmxhbmQxNS5wZGYAEwABLwAAFQACAA///wAAAAgADQAaACQATAAAAAAAAAIBAAAAAAAAAAUAAAAAAAAAAAAAAAAAAAGq}}

@article{opper09,
	author = {Opper, Manfred and Archambeau, Cédric},
	date-added = {2021-07-13 19:15:37 +0100},
	date-modified = {2021-07-13 19:15:37 +0100},
	journal = {Neural Computation},
	number = {3},
	pages = {786--792},
	title = {The variational Gaussian approximation revisited},
	volume = {21},
	year = {2009},
	Bdsk-File-1 = {YnBsaXN0MDDSAQIDBFxyZWxhdGl2ZVBhdGhZYWxpYXNEYXRhXxAgLi4vLi4vRHJvcGJveC9QYXBlcnMvb3BwZXIwOS5wZGZPEQFIAAAAAAFIAAIAAAxNYWNpbnRvc2ggSEQAAAAAAAAAAAAAAAAAAAAAAAAAQkQAAf////8Lb3BwZXIwOS5wZGYAAAAAAAAAAAAAAAAAAAAAAAAAAAAAAAAAAAAAAAAAAAAAAAAAAAAAAAAAAAAAAAAAAAAA/////wAAAAAAAAAAAAAAAAACAAMAAAogY3UAAAAAAAAAAAAAAAAABlBhcGVycwACACsvOlVzZXJzOmF0ZXJlbmluOkRyb3Bib3g6UGFwZXJzOm9wcGVyMDkucGRmAAAOABgACwBvAHAAcABlAHIAMAA5AC4AcABkAGYADwAaAAwATQBhAGMAaQBuAHQAbwBzAGgAIABIAEQAEgApVXNlcnMvYXRlcmVuaW4vRHJvcGJveC9QYXBlcnMvb3BwZXIwOS5wZGYAABMAAS8AABUAAgAP//8AAAAIAA0AGgAkAEcAAAAAAAACAQAAAAAAAAAFAAAAAAAAAAAAAAAAAAABkw==}}

@inproceedings{titsias09,
	author = {Titsias, Michalis},
	booktitle = {Artificial Intelligence and Statistics},
	date-added = {2021-07-13 19:14:19 +0100},
	date-modified = {2021-07-13 19:14:20 +0100},
	pages = {567--574},
	title = {Variational learning of inducing variables in sparse Gaussian processes},
	year = {2009},
	Bdsk-File-1 = {YnBsaXN0MDDSAQIDBFxyZWxhdGl2ZVBhdGhZYWxpYXNEYXRhXxAjLi4vLi4vRHJvcGJveC9QYXBlcnMvdGl0c2lhczA5YS5wZGZPEQFSAAAAAAFSAAIAAAxNYWNpbnRvc2ggSEQAAAAAAAAAAAAAAAAAAAAAAAAAQkQAAf////8OdGl0c2lhczA5YS5wZGYAAAAAAAAAAAAAAAAAAAAAAAAAAAAAAAAAAAAAAAAAAAAAAAAAAAAAAAAAAAAAAAAA/////wAAAAAAAAAAAAAAAAACAAMAAAogY3UAAAAAAAAAAAAAAAAABlBhcGVycwACAC4vOlVzZXJzOmF0ZXJlbmluOkRyb3Bib3g6UGFwZXJzOnRpdHNpYXMwOWEucGRmAA4AHgAOAHQAaQB0AHMAaQBhAHMAMAA5AGEALgBwAGQAZgAPABoADABNAGEAYwBpAG4AdABvAHMAaAAgAEgARAASACxVc2Vycy9hdGVyZW5pbi9Ecm9wYm94L1BhcGVycy90aXRzaWFzMDlhLnBkZgATAAEvAAAVAAIAD///AAAACAANABoAJABKAAAAAAAAAgEAAAAAAAAABQAAAAAAAAAAAAAAAAAAAaA=}}

@incollection{chiles05,
	author = {Chilès, Jean-Paul and Lantuéjoul, Christian},
	booktitle = {Space, Structure and Randomness},
	pages = {39--68},
	publisher = {Springer},
	title = {Prediction by conditional simulation: models and algorithms},
	year = {2005}}

@techreport{doucet10,
	author = {Doucet, Arnaud},
	date-added = {2021-07-11 02:31:35 +0100},
	date-modified = {2021-07-11 02:31:36 +0100},
	institution = {University of British Columbia},
	title = {A note on efficient conditional simulation of Gaussian distributions},
	year = {2010},
	Bdsk-File-1 = {YnBsaXN0MDDSAQIDBFxyZWxhdGl2ZVBhdGhZYWxpYXNEYXRhXxAhLi4vLi4vRHJvcGJveC9QYXBlcnMvZG91Y2V0MTAucGRmTxEBSgAAAAABSgACAAAMTWFjaW50b3NoIEhEAAAAAAAAAAAAAAAAAAAAAAAAAEJEAAH/////DGRvdWNldDEwLnBkZgAAAAAAAAAAAAAAAAAAAAAAAAAAAAAAAAAAAAAAAAAAAAAAAAAAAAAAAAAAAAAAAAAAAP////8AAAAAAAAAAAAAAAAAAgADAAAKIGN1AAAAAAAAAAAAAAAAAAZQYXBlcnMAAgAsLzpVc2VyczphdGVyZW5pbjpEcm9wYm94OlBhcGVyczpkb3VjZXQxMC5wZGYADgAaAAwAZABvAHUAYwBlAHQAMQAwAC4AcABkAGYADwAaAAwATQBhAGMAaQBuAHQAbwBzAGgAIABIAEQAEgAqVXNlcnMvYXRlcmVuaW4vRHJvcGJveC9QYXBlcnMvZG91Y2V0MTAucGRmABMAAS8AABUAAgAP//8AAAAIAA0AGgAkAEgAAAAAAAACAQAAAAAAAAAFAAAAAAAAAAAAAAAAAAABlg==}}

@inproceedings{borovitskiy21,
	author = {Viacheslav Borovitskiy and Iskander Azangulov and Alexander Terenin and Peter Mostowsky and Marc Peter Deisenroth and Nicolas Durrande},
	booktitle = {Artificial Intelligence and Statistics},
	date-added = {2021-06-20 16:10:27 +0100},
	date-modified = {2021-06-20 16:10:28 +0100},
	title = {Matérn Gaussian Processes on Graphs},
	year = {2021},
	Bdsk-File-1 = {YnBsaXN0MDDSAQIDBFxyZWxhdGl2ZVBhdGhZYWxpYXNEYXRhXxAmLi4vLi4vRHJvcGJveC9QYXBlcnMvYm9yb3ZpdHNraXkyMS5wZGZPEQFgAAAAAAFgAAIAAAxNYWNpbnRvc2ggSEQAAAAAAAAAAAAAAAAAAAAAAAAAQkQAAf////8RYm9yb3ZpdHNraXkyMS5wZGYAAAAAAAAAAAAAAAAAAAAAAAAAAAAAAAAAAAAAAAAAAAAAAAAAAAAAAAAAAAAA/////wAAAAAAAAAAAAAAAAACAAMAAAogY3UAAAAAAAAAAAAAAAAABlBhcGVycwACADEvOlVzZXJzOmF0ZXJlbmluOkRyb3Bib3g6UGFwZXJzOmJvcm92aXRza2l5MjEucGRmAAAOACQAEQBiAG8AcgBvAHYAaQB0AHMAawBpAHkAMgAxAC4AcABkAGYADwAaAAwATQBhAGMAaQBuAHQAbwBzAGgAIABIAEQAEgAvVXNlcnMvYXRlcmVuaW4vRHJvcGJveC9QYXBlcnMvYm9yb3ZpdHNraXkyMS5wZGYAABMAAS8AABUAAgAP//8AAAAIAA0AGgAkAE0AAAAAAAACAQAAAAAAAAAFAAAAAAAAAAAAAAAAAAABsQ==}}

@inproceedings{wilson20,
	author = {James T. Wilson and Viacheslav Borovitskiy and Alexander Terenin and Peter Mostowsky and Marc Peter Deisenroth},
	booktitle = {International Conference on Machine Learning},
	date-added = {2021-06-20 16:10:27 +0100},
	date-modified = {2021-06-20 16:10:28 +0100},
	pages = {10292--10302},
	title = {Efficiently Sampling Functions from Gaussian Process Posteriors},
	year = {2020},
	Bdsk-File-1 = {YnBsaXN0MDDSAQIDBFxyZWxhdGl2ZVBhdGhZYWxpYXNEYXRhXxAhLi4vLi4vRHJvcGJveC9QYXBlcnMvd2lsc29uMjAucGRmTxEBSgAAAAABSgACAAAMTWFjaW50b3NoIEhEAAAAAAAAAAAAAAAAAAAAAAAAAEJEAAH/////DHdpbHNvbjIwLnBkZgAAAAAAAAAAAAAAAAAAAAAAAAAAAAAAAAAAAAAAAAAAAAAAAAAAAAAAAAAAAAAAAAAAAP////8AAAAAAAAAAAAAAAAAAgADAAAKIGN1AAAAAAAAAAAAAAAAAAZQYXBlcnMAAgAsLzpVc2VyczphdGVyZW5pbjpEcm9wYm94OlBhcGVyczp3aWxzb24yMC5wZGYADgAaAAwAdwBpAGwAcwBvAG4AMgAwAC4AcABkAGYADwAaAAwATQBhAGMAaQBuAHQAbwBzAGgAIABIAEQAEgAqVXNlcnMvYXRlcmVuaW4vRHJvcGJveC9QYXBlcnMvd2lsc29uMjAucGRmABMAAS8AABUAAgAP//8AAAAIAA0AGgAkAEgAAAAAAAACAQAAAAAAAAAFAAAAAAAAAAAAAAAAAAABlg==}}

@article{wilson21,
	author = {James T. Wilson and Viacheslav Borovitskiy and Alexander Terenin and Peter Mostowsky and Marc Peter Deisenroth},
	date-added = {2021-06-20 16:10:27 +0100},
	date-modified = {2021-06-20 16:10:28 +0100},
	journal = {Journal of Machine Learning Research},
	number = {105},
	title = {Pathwise Conditioning of Gaussian Processes},
	volume = {22},
	year = {2021},
	Bdsk-File-1 = {YnBsaXN0MDDSAQIDBFxyZWxhdGl2ZVBhdGhZYWxpYXNEYXRhXxAhLi4vLi4vRHJvcGJveC9QYXBlcnMvd2lsc29uMjEucGRmTxEBSgAAAAABSgACAAAMTWFjaW50b3NoIEhEAAAAAAAAAAAAAAAAAAAAAAAAAEJEAAH/////DHdpbHNvbjIxLnBkZgAAAAAAAAAAAAAAAAAAAAAAAAAAAAAAAAAAAAAAAAAAAAAAAAAAAAAAAAAAAAAAAAAAAP////8AAAAAAAAAAAAAAAAAAgADAAAKIGN1AAAAAAAAAAAAAAAAAAZQYXBlcnMAAgAsLzpVc2VyczphdGVyZW5pbjpEcm9wYm94OlBhcGVyczp3aWxzb24yMS5wZGYADgAaAAwAdwBpAGwAcwBvAG4AMgAxAC4AcABkAGYADwAaAAwATQBhAGMAaQBuAHQAbwBzAGgAIABIAEQAEgAqVXNlcnMvYXRlcmVuaW4vRHJvcGJveC9QYXBlcnMvd2lsc29uMjEucGRmABMAAS8AABUAAgAP//8AAAAIAA0AGgAkAEgAAAAAAAACAQAAAAAAAAAFAAAAAAAAAAAAAAAAAAABlg==}}

@inproceedings{borovitskiy20,
	author = {Viacheslav Borovitskiy and Alexander Terenin and Peter Mostowsky and Marc Peter Deisenroth},
	booktitle = {Advances in Neural Information Processing Systems},
	date-added = {2021-06-20 16:10:27 +0100},
	date-modified = {2021-06-20 16:10:28 +0100},
	title = {Matérn Gaussian Processes on Riemannian Manifolds},
	year = {2020},
	Bdsk-File-1 = {YnBsaXN0MDDSAQIDBFxyZWxhdGl2ZVBhdGhZYWxpYXNEYXRhXxAmLi4vLi4vRHJvcGJveC9QYXBlcnMvYm9yb3ZpdHNraXkyMC5wZGZPEQFgAAAAAAFgAAIAAAxNYWNpbnRvc2ggSEQAAAAAAAAAAAAAAAAAAAAAAAAAQkQAAf////8RYm9yb3ZpdHNraXkyMC5wZGYAAAAAAAAAAAAAAAAAAAAAAAAAAAAAAAAAAAAAAAAAAAAAAAAAAAAAAAAAAAAA/////wAAAAAAAAAAAAAAAAACAAMAAAogY3UAAAAAAAAAAAAAAAAABlBhcGVycwACADEvOlVzZXJzOmF0ZXJlbmluOkRyb3Bib3g6UGFwZXJzOmJvcm92aXRza2l5MjAucGRmAAAOACQAEQBiAG8AcgBvAHYAaQB0AHMAawBpAHkAMgAwAC4AcABkAGYADwAaAAwATQBhAGMAaQBuAHQAbwBzAGgAIABIAEQAEgAvVXNlcnMvYXRlcmVuaW4vRHJvcGJveC9QYXBlcnMvYm9yb3ZpdHNraXkyMC5wZGYAABMAAS8AABUAAgAP//8AAAAIAA0AGgAkAE0AAAAAAAACAQAAAAAAAAAFAAAAAAAAAAAAAAAAAAABsQ==}}

@unpublished{hutchinson21,
	author = {Michael John Hutchinson and Alexander Terenin and Viacheslav Borovitskiy and So Takao and Yee Whye Teh and Marc Peter Deisenroth},
	date-added = {2021-05-28 23:48:15 +0100},
	date-modified = {2021-06-20 16:10:42 +0100},
	title = {Vector-valued Gaussian Processes on Riemannian Manifolds via Gauge Equivariant Projected Kernels},
	year = {2021}}
